@string{AICEJ="American Institute of Chemical Engineers Journal"}
@string{AIChEJ="American Institute of  Chemical Engineers Journal"}
@string{AJE="American Journal of Epidemiology"}
@string{AJTMH="American Journal of Tropical Medicine and Hygiene"}
@string{AmNat="American Naturalist"}
@string{AnnMathStat="Annals of Mathematical Statistics"}
@string{AOAP="Annals of Applied Probability"}
@string{AOAS="Annals of Applied Statistics"}
@string{AOS="Annals of Statistics"}
@string{AppStat="Applied Statistics"}
@string{BWHO="Bulletin of the World Health Organization"}
@string{CH="Chapman and Hall"}
@string{CMB="Clinical Microbiology Reviews"}
@string{CUP="Cambridge University Press"}
@string{EJP="Electronic Journal of Probability"}
@string{EJS="Electronic Journal of Statistics"}@string{IJE="International Journal of Epidemiology"},
@string{ISR="International Statistical Review"}@string{JAMA="Journal of the American Medical Association"}
,
@string{JAP="Journal of Applied Probability"}
@string{JASA="Journal of the American Statistical Association"}
@string{JBES="Journal of Business and Economic Statistics"}
@string{JC="Journal of Climate"}
@string{JCGS="Journal of Computational and Graphical Statistics"}
@string{JMB="Journal of Mathematical Biology"}
@string{JME="Journal of Medical Entomology"}
@string{JN="Journal of Neuroscience"}
@string{JNE="Journal of Neural Engineering"}
@string{JRSI="Journal of the  Royal Society Interface"}
@string{JRSSB="Journal of the Royal Statistical Society, Series B (Statistical Methodology)"}
@string{JRSSC="Journal of the Royal Statistical Society: Series C (Applied Statistics)"}
@string{JSS="Journal of Statistical Software"}
@string{MBE="Molecular Biology and Evolution"}
@string{MWR="Monthly Weather Review"}
@string{OUP="Oxford University Press"}
@string{PLMS="Proceedings of the London Mathematical Society"}
@string{PLoS-Bio="PLoS Biology"}
@string{PLoS-CompBio="PLoS Computational Biology"}
@string{PLoS-Med="PLoS Medicine"}
@string{PLoS-NTD="PLoS Neglected Tropical Diseases"}
@string{PLoS-Path="PLoS Pathogens"}
@string{PNAS="Proceedings of the National Academy of Sciences of the USA"}
@string{PRSB="Proceedings of the Royal Society of London, Series B"}
@string{PRSLA="Proceedings of the Royal Society of London, Series A"}
@string{PRSLB="Proceedings of the Royal Society of London, Series B"}
@string{PUP="Princeton University Press"}
@string{SC="Statistics and Computing"}
@string{SM="Statistics in Medicine"}
@string{SPL="Statistics and Probability Letters"}
@string{SS="Statistica Sinica"}
@string{StatSci={Statistical Science}}
@string{STM="Science Translational Medicine"}
@string{TRSTMH="Transactions of the Royal Society of Tropical Medicine and Hygiene"}
,
@string{TSP="IEEE Transactions on Signal Processing"}

% AAAAAAAAAAAAAAAA

@article{ades15,
  title={The Equivalent-Weights Particle Filter in a High-Dimensional System},
  author={Ades, Mel and Van Leeuwen, Peter J},
  journal={Quarterly Journal of the Royal Meteorological Society},
  volume={141},
  number={687},
  pages={484--503},
  year={2015},
  publisher={Wiley Online Library}
}

@article{aicc89,
  title={Regression and time series model selection in small samples},
  author={Hurvich, Clifford M and Tsai, Chih-Ling},
  journal={Biometrika},
  volume={76},
  number={2},
  pages={297--307},
  year={1989},
  publisher={Oxford University Press}
}

@article{aic74,
  author={Akaike, H.},
  journal={IEEE Transactions on Automatic Control},
  title={A New Look at the Statistical Model Identification},
  year={1974},
  volume={19},
  number={6},
  pages={716-723},
  xdoi={10.1109/TAC.1974.1100705}
}

@article{ali22,
  title={Prediction of upcoming global infection burden of influenza seasons after relaxation of public health and social measures during the COVID-19 pandemic: a modelling study},
  author={Ali, Sheikh Taslim and Lau, Yiu Chung and Shan, Songwei and Ryu, Sukhyun and Du, Zhanwei and Wang, Lin and Xu, Xiao-Ke and Chen, Dongxuan and Xiong, Jiaming and Tae, Jungyeon and others},
  journal={The Lancet Global Health},
  volume={10},
  number={11},
  pages={e1612--e1622},
  year={2022},
  publisher={Elsevier}
}

@book(anderson79,
author = "Anderson, B. D. and Moore, J. B.",
year = 1979,
title = "Optimal Filtering",
publisher = "Prentice-Hall",
address = "New Jersey"
)

@article{andrade22,
  title={Inferring the effective reproductive number from deterministic and semi-deterministic compartmental models using incidence and mobility data},
  author={Andrade, Jair and Duggan, Jim},
  journal={PLoS Computational Biology},
  volume={18},
  number={6},
  pages={e1010206},
  year={2022},
  publisher={Public Library of Science San Francisco, CA USA}
}

@article{andrews11,
  title={Transmission Dynamics and Control of Cholera in {H}aiti: an Epidemic Model},
  author={Andrews, Jason R and Basu, Sanjay},
  journal={The Lancet},
  volume={377},
  number={9773},
  pages={1248--1255},
  year={2011},
  publisher={Elsevier}
}

@article(andrieu10, xdoi="10.1111/j.1467-9868.2009.00736.x", textref={Andrieu, C., A. Doucet and R. Holenstein (2010), Particle Markov Chain Monte Carlo Methods, J. Roy. Stat. Soc B 72:269-342},
author = "Christophe Andrieu and Arnaud Doucet and Roman Holenstein",
year = 2010,
title = "Particle {M}arkov chain {M}onte {C}arlo methods",
journal = JRSSB,
volume = "72",
pages = "269--342"
)

@article{arulampalam02,
author = "Arulampalam, M. S. and Maskell, S. and Gordon, N. and Clapp, T.",
year = 2002,
title = "A Tutorial on Particle Filters for Online Nonlinear, Non-{G}aussian {B}ayesian Tracking",
journal = TSP,
volume = 50,
pages = "174 -- 188"
}

@Article{asfaw23arxiv,
Author = {Asfaw, Kidus. and  Park, Joonha and King, Aaron A. and Ionides, Edward L.},
Year = {2023},
Title = {Partially Observed {M}arkov Processes with Spatial Structure via the {R} Package {spatPomp}},
Journal ={arXiv:2101.01157v3},
xdoi={10.48550/arXiv.2101.01157}
}

@Article{asfaw21github,
Author = {Asfaw, K. and  Ionides, E. L. and King, A. A.},
Year = {2021},
Title = {\texttt{spatPomp}: R package for Statistical Inference for Spatiotemporal Partially Observed {M}arkov Processes},
Journal ={\upshape{\texttt{https://github.com/kidusasfaw/spatPomp}}},
xVolume = {69},
xPages = {1--43}
}

@Article{asfaw22cran,
Author = {Asfaw, K. and  Ionides, E. L. and King, A. A.},
Year = {2022},
Title = {\texttt{spatPomp}: R package for Statistical Inference for Spatiotemporal Partially Observed {M}arkov Processes},
Journal ={\upshape{R package, available at \texttt{https://cran.r-project.org/web/packages/spatPomp}}},
xVolume = {69},
xPages = {1--43}
}

@article{asfaw24, 
doi = {10.21105/joss.07008},
url = {https://doi.org/10.21105/joss.07008}, year = {2024}, 
publisher = {The Open Journal}, 
volume = {9}, number = {104}, pages = {7008}, 
author = {Kidus Asfaw and Joonha Park and Aaron A. King and Edward L. Ionides}, 
title = {spatPomp: An {R} package for spatiotemporal partially observed {M}arkov process models},
journal = {Journal of Open Source Software}
}

@article{auger16,
  title = {State-Space Models' Dirty Little Secrets: Even Simple Linear {{Gaussian}} Models Can Have Estimation Problems},
  shorttitle = {State-Space Models' Dirty Little Secrets},
  author = {{Auger-M{\'e}th{\'e}}, Marie and Field, Chris and Albertsen, Christoffer M. and Derocher, Andrew E. and Lewis, Mark A. and Jonsen, Ian D. and Mills Flemming, Joanna},
  year = {2016},
  xmonth = may,
  journal = {Scientific Reports},
  volume = {6},
  number = {1},
  pages = {26677},
  publisher = {{Nature Publishing Group}},
  issn = {2045-2322},
  xdoi = {10.1038/srep26677},
  xurldate = {2023-02-02},
  copyright = {2016 The Author(s)},
  langid = {english},
  keywords = {Ecological modelling,Ecology}
}

@article{auger17,
  title = {Spatiotemporal Modelling of Marine Movement Data Using {{Template Model Builder}} ({{TMB}})},
  author = {{Auger-M{\'e}th{\'e}}, Marie and Albertsen, Christoffer M. and Jonsen, Ian D. and Derocher, Andrew E. and Lidgard, Damian C. and Studholme, Katharine R. and Bowen, W. Don and Crossin, Glenn T. and Flemming, Joanna Mills},
  year = {2017},
  month = feb,
  journal = {Marine Ecology Progress Series},
  volume = {565},
  pages = {237--249},
  issn = {0171-8630, 1616-1599},
  doi = {10.3354/meps12019},
  keywords = {Argos,FastLoc GPS,GLS,State-space model,Telemetry,TMB}
}

@article{auger21,
  title={A guide to state--space modeling of ecological time series},
  author={Auger-M{\'e}th{\'e}, Marie and Newman, Ken and Cole, Diana and Empacher, Fanny and Gryba, Rowenna and King, Aaron A and Leos-Barajas, Vianey and Mills Flemming, Joanna and Nielsen, Anders and Petris, Giovanni and others},
  journal={Ecological Monographs},
  volume={91},
  number={4},
  pages={e01470},
  year={2021},
  publisher={Wiley Online Library}
}

% BBBBBBBBBBBBBBBB

@article{baker18,
  title={Mechanistic models versus machine learning, a fight worth fighting for the biological community?},
  author={Baker, Ruth E and Pena, Jose-Maria and Jayamohan, Jayaratnam and J{\'e}rusalem, Antoine},
  journal={Biology letters},
  volume={14},
  number={5},
  pages={20170660},
  year={2018},
  publisher={The Royal Society}
}

@article{bansal07,
  title={When Individual Behaviour Matters: Homogeneous And Network Models in Epidemiology},
  author={Bansal, Shweta and Grenfell, Bryan T and Meyers, Lauren Ancel},
  journal={Journal of the Royal Society Interface},
  volume={4},
  number={16},
  pages={879--891},
  year={2007},
  publisher={The Royal Society London}
}

@Article{baracchini16,
  author    = {Baracchini, Theo and King, Aaron A and Bouma, Menno J and Rod{\'o}, Xavier and Bertuzzo, Enrico and Pascual, Mercedes},
  title     = {Seasonality in Cholera Dynamics: a Rainfall-Driven Model Explains the Wide Range of Patterns in Endemic Areas},
  journal   = {Advances in Water Resources},
  year      = {2016},
  doi       = {10.1016/j.advwatres.2016.11.012},
}

@article{bardenet15,
  rmdCite={<a href="https://arxiv.org/abs/1505.02827">@bardenet15</a>},
  url={https://arxiv.org/abs/1505.02827},
  title={On {M}arkov Chain {M}onte {C}arlo Methods for Tall Data},
  author={Bardenet, R{\'e}mi and Doucet, Arnaud and Holmes, Chris},
  journal={ArXiv:1505.02827},
  year={2015}
}

@BOOK{bartlett60,
  title = {Stochastic Population Models in Ecology and Epidemiology},
  publisher = {Spottiswoode, Ballantyne \& Co. Ltd.},
  year = {1960},
  author = {Bartlett, M. S.},
  volume = {4},
  series = {Methuen's Monographs on Applied Probability and Statistics},
  address = {London}
}

@article{barzilay13,
  xnote={Includes case definition to 2013: The NCSS used a modified World Health Organization case definition for cholera that included acute watery diarrhea, with or without vomiting, in persons of all ages residing in an area in which at least one case of Vibrio cholerae O1 infection had been confirmed by culture.},
  title={Cholera Surveillance During the {H}aiti Epidemic—the First 2 Years},
  author={Barzilay, Ezra J and Schaad, Nicolas and Magloire, Roc and Mung, Kam S and Boncy, Jacques and Dahourou, Georges A and Mintz, Eric D and Steenland, Maria W and Vertefeuille, John F and Tappero, Jordan W},
  journal={New England Journal of Medicine},
  volume={368},
  number={7},
  pages={599--609},
  year={2013},
  publisher={Mass Medical Soc}
}

@article{baskerville13,
Author ={Barkerville, EB and Bedford, T and Reiner, RC and Pascual M},
Year = {2013},
Title = {Nonparametric Bayesian Grouping Methods for Spatial Time-Series Data},
Journal ={arXiv:1306.5202}
}

@Article{batchtools,
    title = {batchtools: Tools for R to work on batch systems},
    author = {Michel Lang and Bernd Bischl and Dirk Surmann},
    journal = {The Journal of Open Source Software},
    year = {2017},
    xmonth = {feb},
    number = {10},
    xdoi = {10.21105/joss.00135},
    xurl = {https://doi.org/10.21105/joss.00135},
}

@article{becker20,
  title={Coexisting Attractors in the Context of Cross-Scale Population Dynamics: Measles in {L}ondon as a Case Study},
  author={Becker, Alexander D and Zhou, Susan H and Wesolowski, Amy and Grenfell, Bryan T},
  xjournal={Proceedings of the Royal Society B},
  journal=PRSB,
  volume={287},
  number={1925},
  pages={20191510},
  year={2020},
  publisher={The Royal Society}
}


@article{behrend20,
    xdoi = {10.1371/journal.pntd.0008033},
    author = {Behrend, Matthew R. AND Bas\'{a}\~{e}z, María-Gloria AND Hamley, Jonathan I. D. AND Porco, Travis C. AND Stolk, Wilma A. AND Walker, Martin AND de Vlas, Sake J. AND for the NTD Modelling Consortium},
    journal = PLoS-NTD,
    publisher = {Public Library of Science},
    title = {Modelling for Policy: The Five Principles of the Neglected Tropical Diseases Modelling Consortium},
    year = {2020},
    xmonth = {04},
    volume = {14},
    xurl = {https://doi.org/10.1371/journal.pntd.0008033},
    pages = {1-17},
    abstract = {null},
    number = {4},

}

@incollection(bengtsson08, xdoi={10.1007/978-3-642-01094-1}, xurl={http://arxiv.org/abs/0805.3034},
author = "Bengtsson, T. and  Bickel, P. and Li, B.",
year = 2008,
title = "Curse-of-dimensionality Revisited: Collapse of the Particle Filter in Very Large Scale Systems",
booktitle="Probability and Statistics: Essays in Honor of {D}avid {A}. {F}reedman",
editor={Speed, T. and Nolan, D.},
pages = "316--334",
publisher="Institute of Mathematical Statistics",
address="Beachwood, OH"
)

@article{bentkus97,
  title={Berry--{E}sseen Bounds for Statistics of Weakly Dependent Samples},
  author={Bentkus, Vidmantas and G{\"o}tze, Friedrich and Tikhomoirov, A},
  journal={Bernoulli},
  volume={3},
  number={3},
  pages={329--349},
  year={1997},
  publisher={Bernoulli Society for Mathematical Statistics and Probability}
}

@article{benvenuto20,
  title = {Application of the {{ARIMA}} Model on the {{COVID-2019}} Epidemic Dataset},
  author = {Benvenuto, Domenico and Giovanetti, Marta and Vassallo, Lazzaro and Angeletti, Silvia and Ciccozzi, Massimo},
  year = {2020},
  xmonth = apr,
  journal = {Data in Brief},
  volume = {29},
  pages = {105340},
  issn = {2352-3409},
  xdoi = {10.1016/j.dib.2020.105340},
  abstract = {Coronavirus disease 2019 (COVID-2019) has been recognized as a global threat, and several studies are being conducted using various mathematical models to predict the probable evolution of this epidemic. These mathematical models based on various factors and analyses are subject to potential bias. Here, we propose a simple econometric model that could be useful to predict the spread of COVID-2019. We performed Auto Regressive Integrated Moving Average (ARIMA) model prediction on the Johns Hopkins epidemiological data to predict the epidemiological trend of the prevalence and incidence of COVID-2019. For further comparison or for future perspective, case definition and data collection have to be maintained in real time.},
  langid = {english},
  keywords = {ARIMA model,COVID-2019 epidemic,Forecast,Infection control}
}

@Article{berard14,
  Doi={10.1214/EJP.v19-3428},
  rmdCite={<a href="http://dx.doi.org/10.1214/EJP.v19-3428">@berard14</a>},
  Title={A Lognormal Central Limit Theorem for Particle Approximations of Normalizing Constants},
  Author={B{\'e}rard, Jean and Del Moral, Pierre and Doucet, Arnaud},
  Journal=EJP,
  Volume={19},
  Xnumber={94},
  Pages={1--28},
  Year={2014}
}

@article{beskos17,
  title={A Stable Particle Filter for a Class of High-Dimensional State-Space Models},
  author={Beskos, Alexandros and Crisan, Dan and Jasra, Ajay and Kamatani, Kengo and Zhou, Yan},
  journal={Advances in Applied Probability},
  volume={49},
  number={1},
  pages={24--48},
  year={2017},
  publisher={Cambridge University Press}
}

@article(bhadra10, xdoi="10.1111/j.1467-9868.2009.00736.x", textref={Bhadra, A. (2010), Discussion of `Particle Markov Chain Monte Carlo Methods' by C. Andrieu, A. Doucet and R. Holenstein, J. Roy. Stat. Soc B 72:314-315},
author = "Bhadra, Anindya",
year = 2010,
title = "Discussion of `Particle {M}arkov Chain {M}onte {C}arlo Methods' by {C}.\ {A}ndrieu, {A}.\ {D}oucet and {R}.\ {H}olenstein",
journal = JRSSB,
xjournal = {Journal of the Royal Statistical Society, Series B (Statistical Methodology)},
volume = "72",
pages = "314--315"
)


@article(bhadra11,  xdoi="10.1198/jasa.2011.ap10323",
author = "Bhadra, A. and Ionides, E. L. and Laneri, K. and Pascual, M. and Bouma, M. and Dhiman,  R. C.",
year=2011,
title = "Malaria in {N}orthwest {I}ndia: Data Analysis via Partially Observed Stochastic Differential Equation Models Driven by {L}\'{e}vy Noise",
journal = JASA,
volume = 106,
pages = "440-451"
)

@article{bi17,
title = {Protection against cholera from killed whole-cell oral cholera vaccines: a systematic review and meta-analysis},
journal = {The Lancet Infectious Diseases},
volume = {17},
number = {10},
pages = {1080-1088},
year = {2017},
issn = {1473-3099},
xdoi = {https://doi.org/10.1016/S1473-3099(17)30359-6},
xurl = {https://www.sciencedirect.com/science/article/pii/S1473309917303596},
author = {Qifang Bi and Eva Ferreras and Lorenzo Pezzoli and Dominique Legros and Louise C Ivers and Kashmira Date and Firdausi Qadri and Laura Digilio and David A Sack and Mohammad Ali and Justin Lessler and Francisco J Luquero and Andrew S Azman and Philippe Cavailler and Kashmira Date and Nandini Sreenivasan and Helen Matzger and Francisco Luquero and Rebecca Grais and Lale Wiesner and Melissa Ko and Vanessa Rouzier and Corey Peak and Firdausi Qadri and Justine Landegger and Julia Lynch and Andrew Azman and David Sack and Myriam Henkens and Iza Ciglenecki and Louise Ivers and Emma Diggle and Mitchell Weiss and Alan Hinman and Kahindo Maina and Imran Mirza and Guillermo Gimeno and Myron Levine}
}

@article(bjornstad01, doi="10.1126/science.1062226",
author = "Bj{\o}rnstad, O. N. and Grenfell, B. T.",
year = 2001,
title = "Noisy Clockwork: Time Series Analysis of Population Fluctuations in Animals",
journal = "Science",
volume = 293,
pages = "638--643"
)

@article{blackwood13,xdoi = {10.1073/pnas.1220908110}, text={Blackwood, JC. et al (2013). "Deciphering the impacts of vaccination and immunity on pertussis epidemiology in Thailand." PNAS 110:9595-9600},
author = {Blackwood, J. C. and Cummings, D. A. T. and Broutin, H. and Iamsirithaworn, S. and Rohani, P.},
title = {Deciphering the Impacts of Vaccination and Immunity on Pertussis Epidemiology in {T}hailand},
year = {2013},
XURL = {http://www.pnas.org/content/early/2013/05/16/1220908110.abstract},
eprint = {http://www.pnas.org/content/early/2013/05/16/1220908110.full.pdf+html},
journal = PNAS,
volume = 110,
pages = {9595--9600},
}

@article{blackwood13b,
author = {Blackwood, J. C. and Streicker, D. G. and Altizer, S. and Rohani, P.},
title = {Resolving the Roles of Immunity, Pathogenesis, and Immigration for Rabies Persistence in Vampire Bats},
year = {2013},
xdoi = {10.1073/pnas.1308817110},
XURL = {http://www.pnas.org/content/early/2013/11/27/1308817110.abstract},
eprint = {http://www.pnas.org/content/early/2013/11/27/1308817110.full.pdf+html},
journal = PNAS
}

@article{blake14,
author = {Blake, Isobel M. and Martin, Rebecca and Goel, Ajay and Khetsuriani, Nino and Everts, Johannes and Wolff, Christopher and Wassilak, Steven and Aylward, R. Bruce and Grassly, Nicholas C.},
title = {The Role of Older Children and Adults in Wild Poliovirus Transmission},
volume = {111},
number = {29},
pages = {10604-10609},
year = {2014},
xdoi = {10.1073/pnas.1323688111},
xURL = {http://www.pnas.org/content/111/29/10604.abstract},
eprint = {http://www.pnas.org/content/111/29/10604.full.pdf+html},
journal = PNAS
}

@book{box1970,
  title={Time Series Analysis: Forecasting and Control},
  author={Box, George and Jenkins, Gwilym},
  publisher={San Francisco, Holdan-Day},
  year={1970}
}

@incollection{box79,
  title={Robustness in the Strategy of Scientific Model Building},
  author={Box, George EP},
  booktitle={Robustness in Statistics},
  pages={201--236},
  year={1979},
  publisher={Elsevier}
}

@article{brauer2017,
title = {Mathematical Epidemiology: Past, Present, and Future},
journal = {Infectious Disease Modelling},
volume = {2},
number = {2},
pages = {113-127},
year = {2017},
issn = {2468-0427},
xdoi = {https://doi.org/10.1016/j.idm.2017.02.001},
xurl = {https://www.sciencedirect.com/science/article/pii/S2468042716300367},
author = {Fred Brauer},
abstract = {We give a brief outline of some of the important aspects of the development of mathematical epidemiology.}
}

@article{brehmer20,
  title={Mining Gold from Implicit Models to Improve Likelihood-Free Inference},
  author={Brehmer, Johann and Louppe, Gilles and Pavez, Juan and Cranmer, Kyle},
  journal=PNAS,
  volume={117},
  number={10},
  pages={5242--5249},
  year={2020},
  publisher={National Acad Sciences}
}

@article{breiman96,
  title={Bagging Predictors},
  author={Breiman, Leo},
  journal={Machine learning},
  volume={24},
  number={2},
  pages={123--140},
  year={1996},
  publisher={Springer}
}

@article(breto09, xdoi={10.1214/08-AOAS201},
author = "Bret\'{o}, C. and He, D. and Ionides, E. L. and King, A. A.",
year = 2009,
title = "Time Series Analysis via Mechanistic Models",
journal = AOAS,
volume = 3,
pages = "319--348"
)


@article{breto11,
xdoi={10.1016/j.spa.2011.07.005},
text={Breto, C. and Ionides, E.L. (2011) Compound Markov counting processes and their applications to modeling infinitesimally over-dispersed systems. Stochastic Processes and their Applications 121:2571-2591.},
author = "Bret\'{o}, C. and Ionides, E. L.",
year = 2011,
title = "Compound {M}arkov Counting Processes and their Applications to Modeling Infinitesimally Over-Dispersed Systems",
journal = "Stochastic Processes and their Applications",
volume = "121",
pages = "2571--2591"
}

@article{breto14,xdoi = "http://dx.xdoi.org/10.1016/j.spl.2014.04.003",
title = "On Idiosyncratic Stochasticity of Financial Leverage Effects",
journal = "Statistics \& Probability Letters ",
volume = "91",
pages = "20--26",
year = "2014",
issn = "0167-7152",
xurl = "http://www.sciencedirect.com/science/article/pii/S0167715214001345",
author = "Carles Bret\'{o}",
}


@article{breto18statSci,
  year={2018},
  doi = {10.1214/17-STS636},
  title={Modeling and Inference for Infectious Disease Dynamics: A Likelihood-Based Approach},
  author={Bret{\'o}, Carles},
  journal={Statistical Science},
  xjournal=StatSci,
  number = {1},
  pages = {57--69},
  volume = {33}
}

@article{breto20,
author = {Carles Bret{\'o} and Edward L. Ionides and Aaron A. King},
title = {Panel Data Analysis via Mechanistic Models},
journal = {Journal of the American Statistical Association},
volume = {115},
number = {531},
pages = {1178-1188},
year  = {2020},
publisher = {Taylor & Francis},
doi = {10.1080/01621459.2019.1604367},
URL = {https://doi.org/10.1080/01621459.2019.1604367},
eprint = {https://doi.org/10.1080/01621459.2019.1604367}
}

@article{panelpomp,
  title = {panelPomp: Analysis of Panel Data via Partially Observed {M}arkov Processes in {R}},
  author = {Bret{\'o}, Carles and Wheeler, Jesse and King, Aaron A and Ionides, Edward L},
  journal = {Accepted at The R Journal},
  year = {2025}
}

@book{brockwell1991,
  title = {Time {{Series}}: {{Theory}} and {{Methods}}},
  shorttitle = {Time {{Series}}},
  author = {Brockwell, Peter J. and Davis, Richard A.},
  year = {1991},
  series = {Springer {{Series}} in {{Statistics}}},
  publisher = {{Springer}},
  address = {{New York, NY}},
  doi = {10.1007/978-1-4419-0320-4},
  isbn = {978-1-4419-0319-8 978-1-4419-0320-4},
  keywords = {mathematics,modeling,statistics,time series,Variance}
}

% CCCCCCCCCCCCCCCC

@article{camacho11,xdoi = {10.1098/rspb.2011.0300},
author = {Camacho, Anton and Ballesteros, Sebastien and Graham, Andrea L. and Carrat, Fabrice and Ratmann, Oliver and Cazelles, Bernard},
title = {Explaining Rapid Reinfections in Multiple-Wave Influenza Outbreaks: {T}ristan da {C}unha 1971 Epidemic as a Case Study},
year=2011,
volume=278,
xnumber=1725,
pages= {3635--3643},
XURL = {http://rspb.royalsocietypublishing.org/content/early/2011/04/22/rspb.2011.0300.abstract},
eprint = {http://rspb.royalsocietypublishing.org/content/early/2011/04/22/rspb.2011.0300.full.pdf+html},
journal = PRSB
}

@ARTICLE{cappe07,xdoi={10.1109/JPROC.2007.893250},
title={An Overview of Existing Methods and Recent Advances in Sequential {M}onte {C}arlo},
author={Capp\'{e}, O. and Godsill, S.J. and Moulines, E.},
journal={Proc. IEEE},
year={2007},
volume={95},
xnumber={5},
pages={899-924}
}

@article{caya05,
  title={A Comparison Between the {4DVAR} and the Ensemble {K}alman Filter Techniques for Radar Data Assimilation},
  author={Caya, Alain and Sun, Juanzhen and Snyder, Chris},
  xjournal={Monthly Weather Review},
  journal=MWR,
  volume={133},
  number={11},
  pages={3081--3094},
  year={2005}
}

@article{chakhchoukh10,
  author={Chakhchoukh, Yacine},
  journal={IEEE Transactions on Signal Processing},
  title={A New Robust Estimation Method for ARMA Models},
  year={2010},
  volume={58},
  number={7},
  pages={3512-3522},
  keywords={Robustness;Parameter estimation;Electric breakdown;Autocorrelation;Pollution measurement;Computational modeling;Energy consumption;Load forecasting;Random variables;ARMA models;outliers;ratio-of-medians estimator;robust estimation;time series},
  xdoi={10.1109/TSP.2010.2046413}}

@article{chandler13,
  title={Exploiting Strength, Discounting Weakness: Combining Information from Multiple Climate Simulators},
  author={Chandler, Richard E},
  journal={Philosophical Transactions of the Royal Society A: Mathematical, Physical and Engineering Sciences},
  volume={371},
  number={1991},
  pages={20120388},
  year={2013},
  publisher={The Royal Society Publishing}
}

@article{chen24,
  title={Self-Organizing State-Space Models with Artificial Dynamics},
  author={Chen, Yuan and Gerber, Mathieu and Andrieu, Christophe and Douc, Randal},
  journal={arXiv preprint arXiv:2409.08928},
  year={2024}
}


@article{chib94,
title = {Bayes Inference in Regression Models with ARMA (p, q) Errors},
journal = {Journal of Econometrics},
volume = {64},
number = {1},
pages = {183-206},
year = {1994},
issn = {0304-4076},
xdoi = {https://doi.org/10.1016/0304-4076(94)90063-9},
xurl = {https://www.sciencedirect.com/science/article/pii/0304407694900639},
author = {Siddhartha Chib and Edward Greenberg},
keywords = {Gibbs sampling, Metropolis-Hastings algorithm, Data augmentation, Time series, ARMA processes, Markov chain, Bayesian statistics},
abstract = {We develop practical and exact methods of analyzing ARMA (p, q) regression error models in a Bayesian framework by using the Gibbs sampling and Metropolis-Hastings algorithms, and we prove that the kernel of the proposed Markov chain sampler converges to the true density. The procedures can be applied to pure ARMA time series models and to determine features of the likelihood function by choosing appropriate diffuse priors. Our results are unconditional on the initial observations. We also show how the algorithm can be further simplified for the important special cases of stationary AR(p) and invertible MA(q) models. Recursive transformations developed in this paper to diagonalized the covariance matrix of the errors should prove useful in frequentist estimation. Examples with simulated and actual economic data are presented.}
}

@article{chon97,
  author={Chon, K.H. and Cohen, R.J.},
  journal={IEEE Transactions on Biomedical Engineering},
  title={Linear and Nonlinear ARMA Model Parameter Estimation using an Artificial Neural Network},
  year={1997},
  volume={44},
  number={3},
  pages={168-174},
  keywords={Parameter estimation;Artificial neural networks;Neural networks;Polynomials;Computational modeling;Analytical models;Heart rate;System identification;Nonlinear dynamical systems;Signal analysis},
  xdoi={10.1109/10.554763}
}

@article {chopin13,xdoi = {10.1111/j.1467-9868.2012.01046.x},
author = {Chopin, N. and Jacob, P. E. and Papaspiliopoulos, O.},
title = {{SMC}$^2$: an Efficient Algorithm for Sequential Analysis of State Space Models},
journal=JRSSB,
volume = {75},
xnumber = {3},
issn = {1467-9868},
xurl = {http://dx.xdoi.org/10.1111/j.1467-9868.2012.01046.x},
pages = {397--426},
year = {2013},
}

@article{collins14,
	title = {Incorporating Heterogeneity into the Transmission Dynamics of a Waterborne Disease Model},
	journal = {Journal of Theoretical Biology},
	volume = {356},
	pages = {133-143},
	year = {2014},
	issn = {0022-5193},
	xdoi = {https://doi.org/10.1016/j.jtbi.2014.04.022},
	xurl = {https://www.sciencedirect.com/science/article/pii/S0022519314002422},
	author = {O.C. Collins and K.S. Govinder},
	keywords = {Cholera, Basic reproduction number, Disease dynamics}
}

@article{coulson04,
author = {Coulson, T. and Rohani, P. and Pascual, M.},
year = {2004},
title = {Skeletons, noise and population growth: The end of an old debate?},
journal = {Trends in Ecology and Evolution},
volume = {19},
pages = {359--364}
}

@book{cox89,
  title={Analysis of binary data},
  author={Cox, David Roxbee and Snell, E Joyce},
  volume={32},
  year={1989},
  publisher={CRC press},
  doi={10.1201/9781315137391}
}

@ARTICLE{crisan02,xdoi={10.1109/78.984773},
title={A Survey of Convergence Results on Particle Filtering Methods for Practitioners},
author={Crisan, D. and Doucet, A.},
journal=TSP,
year={2002},
xmonth={Mar},
volume={50},
xnumber={3},
pages={736-746},
ISSN={1053-587X}
}

@book{crisan11,
  title={The Oxford Handbook of Nonlinear Filtering},
  author={Crisan, Dan and Rozovskii, Boris},
  year={2011},
  publisher={Oxford University Press}
}

% DDDDDDDDDDDDDDDD

@article{dadlani2020,
  xdoi = {10.48550/ARXIV.2004.04675},
  xurl = {https://arxiv.org/abs/2004.04675},
  author = {Dadlani, Aresh and Afolabi, Richard O. and Jung, Hyoyoung and Sohraby, Khosrow and Kim, Kiseon},
  title = {Deterministic Models in Epidemiology: From Modeling to Implementation},
  journal = {arXiv:2004.04675},
  year = {2020},
}

@misc{dahabreh17,
	Title = {Modeling and Simulation in the Context of Health Technology Assessment: Review of Existing Guidance, Future Research Needs, and Validity Assessment},
	Author = {Dahabreh, Issa J and Chan, Jeffrey A and Earley, Amy and Moorthy, Denish and Avendano, Esther E and Trikalinos, Thomas A and Balk, Ethan M and Wong, John B},
	Publisher = {Agency for Healthcare Research and Quality (US), Rockville (MD)},
	Year = {2017},
	Series = {AHRQ Methods for Effective Health Care},
	xURL = {http://europepmc.org/books/NBK424024},
}

@article{dandekar20,
  title={A machine learning-aided global diagnostic and comparative tool to assess effect of quarantine control in COVID-19 spread},
  author={Dandekar, Raj and Rackauckas, Chris and Barbastathis, George},
  journal={Patterns},
  volume={1},
  number={9},
  year={2020},
  publisher={Elsevier}
}

@article{decelles20,
	author = {Domenech de Cell{\`e}s, Matthieu and Casalegno, Jean-S{\'e}bastien and Lina, Bruno and Opatowski, Lulla},
	title = {Influenza May Facilitate the Spread of {SARS-CoV-2}},
	elocation-id = {2020.09.07.20189779},
	year = {2020},
	doi = {10.1101/2020.09.07.20189779},
	publisher = {Cold Spring Harbor Laboratory Press},
	URL = {https://www.medrxiv.org/content/early/2020/09/09/2020.09.07.20189779},
	eprint = {https://www.medrxiv.org/content/early/2020/09/09/2020.09.07.20189779.full.pdf},
	journal = {MedRxiv:2020.09.07.20189779}
}


@article{delmoral01,xdoi = "http://dx.xdoi.org/10.1016/S0246-0203(00)01064-5",
title = "On the Stability of Interacting Processes with Applications to Filtering and Genetic Algorithms ",
journal = "Annales de l'Institut Henri Poincare (B) Probability and Statistics ",
volume = "37",
xnumber = "2",
pages = "155--194",
year = "2001",
xurl = "http://www.sciencedirect.com/science/article/pii/S0246020300010645",
author = "Del Moral, P. and Guionnet, A.",
}


@incollection(delmoral01b,
author = "Del Moral, P and Jacod, J.",
year = 2001,
title = "Interacting Particle Filtering with Discrete Observations",
booktitle = "Sequential \mbox{M}onte \mbox{C}arlo Methods in Practice",
editor = "Doucet, A. and de Freitas, N. and Gordon, N. J.",
pages = "43--75",
publisher = "Springer",
address =  "New York"
)

@book{delMoral04,
Author = {Del Moral, P.},
Year = {2004},
Title = {{F}eynman-{K}ac Formulae: Genealogical and Interacting Particle Systems with Applications},
Publisher = {Springer},
Address = {New York}
}

@article{delmoral15,
  title={Sequential {M}onte {C}arlo with Highly Informative Observations},
  author={Del Moral, Pierre and Murray, Lawrence M},
  journal={Journal on Uncertainty Quantification},
  volume={3},
  xnumber={1},
  pages={969--997},
  year={2015},
  publisher={SIAM}
}

@article{delmoral17,
  title={Convergence Properties of Weighted Particle Islands with Application to the Double Bootstrap Algorithm},
  author={Del Moral, Pierre and Moulines, Eric and Olsson, Jimmy and Verg{\'e}, Christelle},
  journal={Stochastic Systems},
  volume={6},
  number={2},
  pages={367--419},
  year={2017},
  publisher={INFORMS}
}


@article{decelles18,
  title={The Impact of Past Vaccination Coverage and Immunity on Pertussis Resurgence},
  author={de Cell{\`e}s, Matthieu Domenech and Magpantay, Felicia MG and King, Aaron A and Rohani, Pejman},
  journal={Science Translational Medicine},
  volume={10},
  number={434},
  pages={eaaj1748},
  year={2018},
  publisher={American Association for the Advancement of Science}
}


@article{dobson14,
  title={Mathematical Models for Emerging Disease},
  author={Dobson, Andy},
  journal={Science},
  volume={346},
  number={6215},
  pages={1294--1295},
  year={2014},
  publisher={American Association for the Advancement of Science}
}

@article{domeyer22,
  author={Domeyer, Joshua E. and Lee, John D. and Toyoda, Heishiro and Mehler, Bruce and Reimer, Bryan},
  journal={IEEE Transactions on Human-Machine Systems}, 
  title={Driver-Pedestrian Perceptual Models Demonstrate Coupling: Implications for Vehicle Automation}, 
  year={2022},
  volume={52},
  number={4},
  pages={557-566},
  keywords={Vehicles;Roads;Automation;Legged locomotion;Visualization;Safety;Predictive models;Dynamic modeling;joint activity;perception;vehicle automation},
  doi={10.1109/THMS.2022.3158201}}

@article{domman2017,
author = {Daryl Domman  and Marie-Laure Quilici  and Matthew J. Dorman  and Elisabeth Njamkepo  and Ankur Mutreja  and Alison E. Mather  and Gabriella Delgado  and Rosario Morales-Espinosa  and Patrick A. D. Grimont  and Marcial Leonardo Lizárraga-Partida  and Christiane Bouchier  and David M. Aanensen  and Pablo Kuri-Morales  and Cheryl L. Tarr  and Gordon Dougan  and Julian Parkhill  and Josefina Campos  and Alejandro Cravioto  and François-Xavier Weill  and Nicholas R. Thomson },
title = {Integrated View of <i>Vibrio cholerae</i> in the Americas},
journal = {Science},
volume = {358},
number = {6364},
pages = {789-793},
year = {2017},
doi = {10.1126/science.aao2136},
URL = {https://www.science.org/doi/abs/10.1126/science.aao2136},
eprint = {https://www.science.org/doi/pdf/10.1126/science.aao2136}
}

@misc{donnelly18,
  title={Four principles to make evidence synthesis more useful for policy},
  author={Donnelly, Christl A and Boyd, Ian and Campbell, Philip and Craig, Claire and Vallance, Patrick and Walport, Mark and Whitty, Christopher JM and Woods, Emma and Wormald, Chris},
  year={2018},
  publisher={Nature Publishing Group UK London}
}

@article{donoho17,
  title={50 Years of Data Science},
  author={Donoho, David},
  journal={Journal of Computational and Graphical Statistics},
  volume={26},
  number={4},
  pages={745--766},
  year={2017},
  publisher={Taylor \& Francis}
}

@book{doucet01,
  title={Sequential {M}onte {C}arlo methods in practice},
  author={Doucet, Arnaud and De Freitas, Nando and Gordon, Neil James and others},
  volume={1},
  number={2},
  year={2001},
  publisher={Springer}
}

@article {doucet02,   xdoi = {10.1023/A:1013172322619},
   author = {Doucet, Arnaud and Godsill, Simon J. and Robert, Christian P.},
   title = {Marginal Maximum a Posteriori Estimation using {M}arkov Chain {M}onte {C}arlo},
   journal = {Statistics and Computing},
   publisher = {Springer Netherlands},
   keyword = {Mathematics and Statistics},
   pages = {77-84},
   volume = {12},
   issue = {1},
   xurl = {http://dx.xdoi.org/10.1023/A:1013172322619},
   year = {2002}
}

@incollection{doucet11,    url = {http://www.stats.ox.ac.uk/~doucet/doucet_johansen_tutorialPF2011.pdf},
    Author = {Doucet, Arnaud and Johansen, Adam},
    booktitle={Oxford Handbook of Nonlinear Filtering},
    editor={D. Crisan and B. Rozovsky},
    publisher={Oxford University Press},
    Title = {A Tutorial on Particle Filtering and Smoothing: Fifteen Years Later},
    year = {2011}
}

@article(doucet13, xurl="http://arxiv.org/abs/1304.5768",
author = "Doucet, A. and Jacob, P. E. and Rubenthaler, S.",
year = 2013,
title = "Derivative-Free Estimation of the Score Vector and Observed Information Matrix with Application to State-Space Models.",
journal = "Arxiv, {\small \texttt{http://arxiv.org/abs/1304.5768}}",
)

@Article{doucet15, text={Doucet, A, Pitt, MK, Deligiannidis, G, and Kohn, R (2015). Efficient implementation of Markov chain Monte Carlo when using an unbiased likelihood estimator. Biometrika 102:295-313.},
  doi={10.1093/biomet/asu075},
   Title={Efficient Implementation of {M}arkov Chain {M}onte {C}arlo when Using an Unbiased Likelihood Estimator},
  Author={Doucet, Arnaud and Pitt, M. K. and Deligiannidis, George and Kohn, Robert},
  Journal={Biometrika},
  Volume={102},
  Pages={295-313},
  Year={2015},
  Publisher={Biometrika Trust}
}

@article{du17,
title = {Evolution-Informed Forecasting of Seasonal Influenza {A} ({H3N2})},
author = {Du, X. and King, A.A. and Woods, R.J. and Pascual, M.},
xjournal = {Science Translational Medicine},
journal=STM,
year = {2017},
volume = {in press}
}

@book{durbin12,
  title={Time Series Analysis by State Space Methods},
  author={Durbin, James and Koopman, Siem Jan},
  volume={38},
  year={2012},
  publisher={OUP Oxford}
}

% EEEEEEEEEEEEEEEE

@article{earn12,xdoi = {10.1059/0003-4819-156-3-201202070-00005}, author = {Earn, David J.D. and He, Daihai and Loeb, Mark B. and Fonseca, Kevin and Lee, Bonita E. and Dushoff, Jonathan},
title = {Effects of School Closure on Incidence of Pandemic Influenza in {A}lberta, {C}anada},
volume = {156},
xnumber = {3},
pages = {173-181},
year = {2012},
XURL = {http://www.annals.org/content/156/3/173.abstract},
eprint = {http://www.annals.org/content/156/3/173.full.pdf+html},
xjournal = {Annals of Internal Medicine},
journal = {Ann. Intern. Med.}
}

@article{ebert01,
  title={Ability of a Poor Man's Ensemble to Predict the Probability and Distribution of Precipitation},
  author={Ebert, Elizabeth E},
  journal=MWR,
  volume={129},
  number={10},
  pages={2461--2480},
  year={2001}
}

@article{eddy04,
  title={What is a hidden Markov model?},
  author={Eddy, Sean R},
  journal={Nature biotechnology},
  volume={22},
  number={10},
  pages={1315--1316},
  year={2004},
  publisher={Nature Publishing Group UK London}
}

@article{egger17,
  title={Developing WHO guidelines: time to formally include evidence from mathematical modelling studies},
  author={Egger, Matthias and Johnson, Leigh and Althaus, Christian and Sch{\"o}ni, Anna and Salanti, Georgia and Low, Nicola and Norris, Susan L},
  journal={F1000Research},
  volume={6},
  pages={1584},
  year={2018},
  publisher={Faculty of 1000 Ltd}
}

@article{eisenberg13,
title = {Examining Rainfall and Cholera Dynamics in Haiti using Statistical and Dynamic Modeling Approaches},
journal = {Epidemics},
volume = {5},
number = {4},
pages = {197-207},
year = {2013},
issn = {1755-4365},
xdoi = {https://doi.org/10.1016/j.epidem.2013.09.004},
xurl = {https://www.sciencedirect.com/science/article/pii/S1755436513000431},
author = {Marisa C. Eisenberg and Gregory Kujbida and Ashleigh R. Tuite and David N. Fisman and Joseph H. Tien},
keywords = {Cholera, Mathematical modeling, Waterborne diseases, Rainfall, Haiti}
}

@Article{evensen96,
Author = {Evensen, G. and van Leeuwen, P. J.},
Year = {1996},
Title = {Assimilation of Geostat Altimeter Data for the \mbox{A}gulhas \mbox{C}urrent Using the Ensemble \mbox{K}alman Filter with a Quasigeostrophic Model},
Journal = MWR,
Volume = {124},
Pages = {58--96}
}

@Article{evensen00,
Author = {Evensen, G. and van Leeuwen, P. J.},
Year = {2000},
Title = {An Ensemble \mbox{K}alman Smoother for Nonlinear Dynamics},
Journal = MWR,
Volume = {128},
Pages = {1852--1867}
}

@ARTICLE{evensen09,xdoi={10.1109/MCS.2009.932223},
author={Evensen, G.},
journal={IEEE Transactions on Control Systems},
title={The Ensemble {Kalman} Filter for Combined State and Parameter Estimation},
year={2009},
volume={29},
xnumber={3},
pages={83--104},
ISSN={1066-033X},}

@book{evensen22,
  title={Data assimilation fundamentals: A unified formulation of the state and parameter estimation problem},
  author={Evensen, Geir and Vossepoel, Femke C and van Leeuwen, Peter Jan},
  year={2022},
  publisher={Springer Nature}
}

% FFFFFFFFFFFFFFFF

 @article{ferguson22,
 title={Haiti's Winning the Fight Against Cholera},
 url={https://www.forbes.com/sites/unicefusa/2022/03/22/haitis-winning-the-fight-against-cholera/?sh=265f6c9569db},
 journal={Forbes},
 publisher={Forbes Magazine},
 author={Ferguson, Sarah},
 year={2022},
 xmonth={Apr}
 }

@article {ferreirai16,
	author = {Ferreira, Susana},
	title = {Cholera threatens {H}aiti after {H}urricane {M}atthew},
	volume = {355},
	pages = {i5516},
	year = {2016},
	xdoi = {10.1136/bmj.i5516},
	publisher = {BMJ Publishing Group Ltd},
	URL = {https://www.bmj.com/content/355/bmj.i5516},
	eprint = {https://www.bmj.com/content/355/bmj.i5516.full.pdf},
	journal = {BMJ}
}

@article{fischer21,
  title={A robust and efficient algorithm to find profile likelihood confidence intervals},
  author={Fischer, Samuel M and Lewis, Mark A},
  journal={Statistics and Computing},
  volume={31},
  number={4},
  pages={38},
  year={2021},
  publisher={Springer}
}

@book{fletcher00,
  title={Practical Methods of Optimization},
  author={Fletcher, Roger},
  year={2000},
  publisher={John Wiley \& Sons}
}

@article{focks93b,
  title={Dynamic Life Table Model for {A}edes Aegypti ({D}iptera: {C}ulicidae): Simulation Results and Validation},
  author={Focks, DA and Haile, DG and Daniels, E and Mount, GA},
  xjournal={Journal of Medical Entomology},
  journal=JME,
  volume={30},
  number={6},
  pages={1018--1028},
  year={1993},
  publisher={Oxford University Press Oxford, UK}
}

@article{fox22,
  title={Real-time pandemic surveillance using hospital admissions and mobility data},
  author={Fox, Spencer J and Lachmann, Michael and Tec, Mauricio and Pasco, Remy and Woody, Spencer and Du, Zhanwei and Wang, Xutong and Ingle, Tanvi A and Javan, Emily and Dahan, Maytal and Gaither, Kelly and Escott, Mark E and Adler, Stephen I and Johnston, S Claiborne and Scott, James G and Meyers, Lauren A},
  journal=PNAS,
  volume={119},
  number={7},
  pages={e2111870119},
  year={2022},
  publisher={National Acad Sciences}
}

@article{francois20,
  title={Cholera Remains a Public Health Threat in Haiti},
  author={Francois, Jeannot},
  journal={The Lancet Global Health},
  volume={8},
  number={8},
  pages={e984},
  year={2020},
  publisher={Elsevier}
}


% GGGGGGGGGGGGGGGG

@article{gaetan03,     xurl = {http://www.jstor.org/stable/30042072},
     title = {A Multiple-Imputation {M}etropolis Version of the {EM} Algorithm},
     author = {Gaetan, Carlo and Yao, Jian-Feng},
     journal = {Biometrika},
     volume = {90},
     xnumber = {3},
     pages = {643--654},
     ISSN = {00063444},
     year = {2003},
     publisher = {Biometrika Trust},
    }

@article{ganusov16,
  title={Strong Inference in Mathematical Modeling: a Method for Robust Science in the Twenty-First Century},
  author={Ganusov, Vitaly V},
  journal={Frontiers in Microbiology},
  volume={7},
  pages={1131},
  year={2016},
  publisher={Frontiers Media SA}
}

@article{gardner1980,
  title = {Algorithm {{AS}} 154: An Algorithm for Exact Maximum Likelihood Estimation of Autoregressive-Moving Average Models by Means of {{Kalman}} Filtering},
  shorttitle = {Algorithm {{AS}} 154},
  author = {Gardner, G. and Harvey, A. C. and Phillips, G. D. A.},
  year = {1980},
  journal = {Journal of the Royal Statistical Society. Series C (Applied Statistics)},
  volume = {29},
  number = {3},
  pages = {311--322},
  publisher = {{[Wiley, Royal Statistical Society]}},
  issn = {0035-9254},
  xdoi = {10.2307/2346910}
}

@article{gentleman07,
  title={Statistical Analyses and Reproducible Research},
  author={Gentleman, Robert and Temple Lang, Duncan},
  journal={Journal of Computational and Graphical Statistics},
  volume={16},
  number={1},
  pages={1--23},
  year={2007},
  publisher={Taylor \& Francis}
}

@article{giordano20,
  title={Modelling the COVID-19 Epidemic and Implementation of Population-Wide Interventions in Italy},
  author={Giordano, Giulia and Blanchini, Franco and Bruno, Raffaele and Colaneri, Patrizio and Di Filippo, Alessandro and Di Matteo, Angela and Colaneri, Marta},
  journal={Nature Medicine},
  volume={26},
  number={6},
  pages={855--860},
  year={2020},
  publisher={Nature Publishing Group}
}

@article{glennie23,
  title={Hidden {M}arkov models: Pitfalls and opportunities in ecology},
  author={Glennie, Richard and Adam, Timo and Leos-Barajas, Vianey and Michelot, Th{\'e}o and Photopoulou, Theoni and McClintock, Brett T},
  journal={Methods in Ecology and Evolution},
  volume={14},
  number={1},
  pages={43--56},
  year={2023},
  publisher={Wiley Online Library}
}

@article{gneiting07,
  title={Strictly Proper Scoring Rules, Prediction, and Estimation},
  author={Gneiting, Tilmann and Raftery, Adrian E},
  journal=JASA,
  volume={102},
  number={477},
  pages={359--378},
  year={2007},
  publisher={Taylor \& Francis}
}

@article{gneiting14,
author = {Gneiting, Tilmann and Katzfuss, Matthias},
title = {Probabilistic Forecasting},
journal = {Annual Review of Statistics and Its Application},
volume = {1},
number = {1},
pages = {125-151},
year = {2014},
xdoi = {10.1146/annurev-statistics-062713-085831},
xURL = {https://doi.org/10.1146/annurev-statistics-062713-085831},
xeprint = {https://doi.org/10.1146/annurev-statistics-062713-085831}
}

@article{gordon93,
author = "Gordon, N.J. and Salmond, D. J. and Smith, A. F. M.",
year = 1993,
title = "Novel Approach to Nonlinear/Non-\mbox{G}aussian \mbox{B}ayesian State Estimation",
journal = "IEE Proceedings--F",
volume = 140,
number = 2,
pages = "107--113"
}

@article{grad12,
  title={Cholera Modeling: Challenges to Quantitative Analysis and Predicting the Impact of Interventions},
  author={Grad, Yonatan H and Miller, Joel C and Lipsitch, Marc},
  journal={Epidemiology},
  volume={23},
  number={4},
  pages={523},
  year={2012},
  publisher={NIH Public Access}
}

@article{green15,
title = {Simple Versus Complex Forecasting: The Evidence},
journal = {Journal of Business Research},
volume = {68},
number = {8},
pages = {1678-1685},
year = {2015},
note = {Special Issue on Simple Versus Complex Forecasting},
issn = {0148-2963},
xdoi = {https://doi.org/10.1016/j.jbusres.2015.03.026},
xurl = {https://www.sciencedirect.com/science/article/pii/S014829631500140X},
author = {Kesten C. Green and J. Scott Armstrong},
keywords = {Analytics, Big data, Decision-making, Decomposition, Econometrics, Occam’s razor}
}

@article{grueber11,
  author = {Grueber, C. E. and Nakagawa, S. and Laws, R. J. and Jamieson, I. G.},
  title = {Multimodel inference in ecology and evolution: challenges and solutions},
  journal = {Journal of Evolutionary Biology},
  volume = {24},
  number = {4},
  pages = {699-711},
  keywords = {Akaike Information Criterion, generalized linear mixed models, inbreeding, information theory, lethal equivalents, model averaging, random factors, standardized predictors},
  doi = {https://doi.org/10.1111/j.1420-9101.2010.02210.x},
  xurl = {https://onlinelibrary.wiley.com/doi/abs/10.1111/j.1420-9101.2010.02210.x},
  xeprint = {https://onlinelibrary.wiley.com/doi/pdf/10.1111/j.1420-9101.2010.02210.x},
  year = {2011}
}

@article{guarniero17,
  title={The Iterated Auxiliary Particle Filter},
  author={Guarniero, Pieralberto and Johansen, Adam M and Lee, Anthony},
  xjournal={Journal of the American Statistical Association},
  journal=JASA,
  volume={112},
  xnumber={520},
  pages={1636--1647},
  year={2017},
  publisher={Taylor \& Francis}
}

@book{gubler14,
  title={Dengue and Dengue Hemorrhagic Fever.},
  author={Gubler, D.J. and  Ooi, E.E. and  Vasudevan, S. and  Farrar, J.},
  year={2014},
  edition={2nd},
  publisher={CABI International},
  address={Wallingford,UK}
}


@article{gubler95, doi="10.3201/eid0102.950204",
  title={Dengue-Dengue Hemorrhagic Fever: The Emergence of a Global Health Problem},
  author={Gubler, D.J. and Clark, G.C.},
  journal={Emerging Infectious Diseases},
  volume={1},
  xnumber={2},
  pages={55--57},
  year={1995},
}

@article{guillaume18,
  title={Responding to Cholera in Hait{i}: Implications for the National Plan to Eliminate Cholera by 2022},
  author={Guillaume, Yodeline and Ternier, Ralph and Vissieres, Kenia and Casseus, Alain and Chery, Maurice J and Ivers, Louise C},
  journal={The Journal of Infectious Diseases},
  volume={218},
  number={suppl\_3},
  pages={S167--S170},
  year={2018},
  publisher={Oxford University Press US}
}

% HHHHHHHHHHHHHHHH

@article{hart98,
  author = {Hart, William E.},
  title = {Sequential Stopping Rules for Random Optimization Methods with Applications to Multistart Local Search},
  journal = {SIAM Journal on Optimization},
  volume = {9},
  number = {1},
  pages = {270-290},
  year = {1998},
  xdoi = {10.1137/S1052623494277317},
  xURL = {
        https://doi.org/10.1137/S1052623494277317
  },
  xeprint = {
        https://doi.org/10.1137/S1052623494277317
}
}

@article{hastings70,
  title={Monte {C}arlo Sampling Methods Using {M}arkov Chains and their Applications},
  author={Hastings, W Keith},
  journal={Biometrika},
  volume={57},
  xnumber={1},
  pages={97--109},
  year={1970},
  publisher={Biometrika Trust}
}

@article(he10, xdoi="10.1098/rsif.2009.0151",text={He, D., Ionides, E. L. and King, A. A. (2010). Plug-and-play inference for disease dynamics: Measles in large and small towns as a case study. J. Roy. Soc. Interface 7:271-283},
author = "He, D. and Ionides, E. L. and King, A. A.",
year = 2010,
title = "Plug-and-Play Inference for Disease Dynamics:
  Measles in Large and Small Towns as a Case Study",
journal = JRSI,
xjournal = "Journal of the Royal Society Interface",
volume = "7",
pages = "271--283 "
)

@article{he11,xdoi={10.1007/s12080-011-0123-3},
   author = {He, Daihai and Dushoff, Jonathan and Day, Troy and Ma, Junling and Earn, David},
   title = {Mechanistic Modelling of the Three Waves of the 1918 Influenza Pandemic},
   xjournal = {Theoretical Ecology},
   journal = {Theor. Ecol.},
   publisher = {Springer Netherlands},
   pages = {283--288},
   volume = 4,
   year = {2011}
}

@Article{he13,  xdoi = {10.1098/rspb.2013.1345},
  Title                    = {Inferring the Causes of the Three Waves of the 1918 Influenza Pandemic in {E}ngland and {W}ales.},
  Author                   = {He, Daihai and Dushoff, Jonathan and Day, Troy and Ma, Junling and Earn, David J D.},
  Journal                  = PRSB,
  Year                     = {2013},
  Xnumber                   = {1766},
  Pages                    = {20131345},
  Volume                   = {280},
}

@article{he24,
  title={Modelling the unexpected dynamics of COVID-19 in Manaus, Brazil},
  author={He, Daihai and Artzy-Randrup, Yael and Musa, Salihu S and Gr{\"a}f, Tiago and Naveca, Felipe and Stone, Lewi},
  journal={Infectious Disease Modelling},
  volume={9},
  number={2},
  pages={557--568},
  year={2024},
  publisher={Elsevier}
}

@article{henrys20,
  title={Cholera in Haiti},
  author={Henrys, Jean Hugues and Lerebours, G{\'e}rald and Achille, M{\'e}lody Aude and Moise, Kenny and Raccurt, Christian},
  journal={The Lancet Global Health},
  volume={8},
  number={12},
  pages={e1469},
  year={2020},
  publisher={Elsevier}
}

@article{hewitt24,
  title={Landscape-Scale Epidemiological Dynamics of SARS-CoV-2 in White-Tailed Deer},
  author={Hewitt, Joshua and Wilson-Henjum, Grete and Collins, Derek T and Linder, Timothy J and Lenoch, Julianna B and Heale, Jonathon D and Quintanal, Christopher A and Pleszewski, Robert and McBride, Dillon S and Bowman, Andrew S and others},
  journal={Transboundary and Emerging Diseases},
  volume={2024},
  number={1},
  pages={7589509},
  year={2024},
  publisher={Wiley Online Library}
}


@article{hoeting99,
  author = {Jennifer A. Hoeting and David Madigan and Adrian E. Raftery and Chris T. Volinsky},
  title = {{Bayesian model averaging: a tutorial (with comments by M. Clyde, David Draper and E. I. George, and a rejoinder by the authors}},
  volume = {14},
  journal = {Statistical Science},
  number = {4},
  publisher = {Institute of Mathematical Statistics},
  pages = {382 -- 417},
  keywords = {Bayesian graphical models, Bayesian model averaging,   learning, Markov chain Monte Carlo, model uncertainty},
  year = {1999},
  doi = {10.1214/ss/1009212519},
  xURL = {https://doi.org/10.1214/ss/1009212519}
}

@article{hogg24,
  title={Is machine learning good or bad for the natural sciences?},
  author={Hogg, David W and Villar, Soledad},
  journal={arXiv preprint arXiv:2405.18095},
  year={2024}
}

@article{hulland19,
  title={Increase in reported cholera cases in Haiti following Hurricane Matthew: an interrupted time series model},
  author={Hulland, Erin and Subaiya, Saleena and Pierre, Katilla and Barthelemy, Nickolson and Pierre, Jean Samuel and Dismer, Amber and Juin, Stanley and Fitter, David and Brunkard, Joan},
  journal={The American journal of tropical medicine and hygiene},
  volume={100},
  number={2},
  pages={368},
  year={2019},
  publisher={The American Society of Tropical Medicine and Hygiene}
}

@Manual{hyndman23,
    title = {{forecast}: Forecasting functions for time series and
      linear models},
    author = {Rob Hyndman and George Athanasopoulos and Christoph
      Bergmeir and Gabriel Caceres and Leanne Chhay and Mitchell
      O'Hara-Wild and Fotios Petropoulos and Slava Razbash and Earo
      Wang and Farah Yasmeen},
    year = {2023},
    note = {R package version 8.21},
    url = {https://pkg.robjhyndman.com/forecast/},
  }

@Article{hyndman08,
    title = {Automatic Time Series Forecasting: The Forecast Package
      for {R}},
    author = {Rob J Hyndman and Yeasmin Khandakar},
    journal = {Journal of Statistical Software},
    volume = {26},
    number = {3},
    pages = {1--22},
    year = {2008},
    xdoi = {10.18637/jss.v027.i03},
  }

% IIIIIIIIIIIIIIII

@ARTICLE{ingber93,xdoi={10.1016/0895-7177(93)90204-C},
    xurl={http://www.sciencedirect.com/science/article/B6V0V-45GN6F6-7R/2/89213d81ef696b4fb68b1a66741d118c},
    author = {Ingber, L.},
    title = {Simulated annealing: Practice Versus Theory},
    journal = {Mathematical and Computer Modelling},
    year = {1993},
    volume = {18},
    pages = {29--57}
}

@article{ioannidis20,
  title={Forecasting for {COVID}-19 has failed},
  author={Ioannidis, John PA and Cripps, Sally and Tanner, Martin A},
  journal={International journal of forecasting},
  volume={38},
  number={2},
  pages={423--438},
  year={2022},
  publisher={Elsevier}
}

@article(ionides06-pnas,xdoi="10.1073/pnas.0603181103",
author = "Ionides, E. L. and Bret\'{o}, C. and King, A. A.",
year = 2006,
title = "Inference for Nonlinear Dynamical Systems",
journal = PNAS,
xjournal = "Proceedings of the National Academy of Sciences of the USA",
volume = "103",
pages = "18438--18443"
)

@article {ionides08,	doi = "10.1198/106186008X320456",
	author = "Ionides, Edward L.",
	title = "Truncated Importance Sampling",
	journal = JCGS,
	volume = "17",
	year = "June 2008",
	pages = "295--311",
	url = "http://www.ingentaconnect.com/content/asa/jcgs/2008/00000017/00000002/art00003"
}

@article{ionides11,xdoi="10.1214/11-AOS886",
  author = {Ionides, Edward L. and Bhadra, Anindya and Atchad\'{e}, Y.  and  King, Aaron A.},
  title = {Iterated Filtering},
  year = 2011,
  journal = AOS,
  volume = 39,
  pages = "1776--1802"
}

@Article{ionides15,text={Ionides, EL, D Nguyen, Y Atchade, S Stoev and AA King. (2015). Inference for dynamic and latent variable models via iterated, perturbed Bayes maps. PNAS 112:719-724.},
Author = {Ionides, Edward L. and Nguyen, Dao and Atchad\'{e}, Yves and Stoev, Stilian and King, Aaron A.},
Title = {Inference for Dynamic and Latent Variable Models via Iterated, Perturbed {B}ayes Maps},
Year = {2015},
xdoi = {10.1073/pnas.1410597112},
xURL = {http://www.pnas.org/content/early/2015/01/07/1410597112.abstract},
eprint = {http://www.pnas.org/content/early/2015/01/07/1410597112.full.pdf+html},
Journal = PNAS,
xJournal = {Proceedings of the National Academy of Sciences of USA},
Volume = 112,
Number =  3,
Pages = "719–-724"
}

@article{ionides17,
  title={Monte {C}arlo Profile Confidence Intervals for Dynamic Systems},
  author={Ionides, Edward L and Breto, Carles and Park, Joonha and Smith, Richard A and King, Aaron A},
  xjournal={Journal of the Royal Society Interface},
  journal=JRSI,
  volume={14},
  pages={1--10},
  year={2017}
}

@Article{ionides17-tas,
  Author = {Ionides, E. L. and Giessing, A. and Ritov, Y. and Page, S. E.},
  Title = {Response to the {ASA}'s Statement on P-Values: Context, Process, and Purpose},
  Journal = {The American Statistician},
  Volume = {71},
  xNumber = {1},
  Pages = {88-89},
  Year = {2017},
  Doi = {10.1080/00031305.2016.1234977},
}

@article{ionides21,
  author = {Edward L. Ionides and Kidus Asfaw and Joonha Park and Aaron A. King},
  title = {Bagged filters for partially observed interacting systems},
  journal = {Journal of the American Statistical Association},
  volume = {pre-published online},
  number = {ja},
  pages = {1-33},
  year  = {2021},
  publisher = {Taylor & Francis},
  doi = {10.1080/01621459.2021.1974867},
  URL = {https://doi.org/10.1080/01621459.2021.1974867},
  eprint = {https://doi.org/10.1080/01621459.2021.1974867}
}

@article{ionides24,
  xdoi = {10.48550/ARXIV.2206.03837},
  xurl = {https://arxiv.org/abs/2206.03837},
  author = {Ionides, Edward L. and Ning, Ning and Wheeler, Jesse},
  title = {An Iterated Block Particle Filter for Inference on Coupled Dynamic Systems with Shared and Unit-Specific Parameters},
  journal = {Statistica Sinica},
  xjournal = {Statistica Sinica},
  year = {2024},
  volume = {34},
  pages = {1241-1262},
  priority = {1}
}

% JJJJJJJJJJJJJJJJ

@phdthesis{jefferson2019policing,
  title={\href{https://deepblue.lib.umich.edu/handle/2027.42/149919}{Policing Norms: Punishment and the Politics of Respectability among Black Americans}},
  author={Jefferson, Hakeem},
  school={University of Michigan},
  year={2019}
}

@article{jirak16,
  title={Berry--{E}sseen Theorems Under Weak Dependence},
  author={Jirak, Moritz},
  journal={The Annals of Probability},
  volume={44},
  number={3},
  pages={2024--2063},
  year={2016},
  publisher={Institute of Mathematical Statistics}
}

@article(johansen08, xdoi="xdoi:10.1016/j.spl.2008.01.032",xurl={http://www2.warwick.ac.uk/fac/sci/statistics/staff/academic/johansen/publications/JD08.pdf},
author = "A. M. Johansen and A. Doucet",
year = 2008,
title = "A Note on the Auxiliary Particle Filter",
journal = SPL,
volume = 78,
pages = "1498--1504"
)

@ARTICLE{julier04,xdoi={10.1109/JPROC.2003.823141},
author={Julier, S.J. and Uhlmann, J.K.},
journal={Proc. IEEE},
xjournal={Proceedings of the IEEE},
title={Unscented Filtering and Nonlinear Estimation},
year={2004},
xmonth=mar,
volume={92},
xnumber={3},
pages={401--422}
}

% KKKKKKKKKKKKKKKK

@article{kalman60,
    author = {Kalman, Rudolph Emil},
    title = {A New Approach to Linear Filtering and Prediction Problems},
    journal = {Journal of Basic Engineering},
    volume = {82},
    number = {1},
    pages = {35-45},
    year = {1960},
    xmonth = {03},
    abstract = "{The classical filtering and prediction problem is re-examined using the Bode-Shannon representation of random processes and the “state-transition” method of analysis of dynamic systems. New results are: (1) The formulation and methods of solution of the problem apply without modification to stationary and nonstationary statistics and to growing-memory and infinite-memory filters. (2) A nonlinear difference (or differential) equation is derived for the covariance matrix of the optimal estimation error. From the solution of this equation the co-efficients of the difference (or differential) equation of the optimal linear filter are obtained without further calculations. (3) The filtering problem is shown to be the dual of the noise-free regulator problem. The new method developed here is applied to two well-known problems, confirming and extending earlier results. The discussion is largely self-contained and proceeds from first principles; basic concepts of the theory of random processes are reviewed in the Appendix.}",
    issn = {0021-9223},
    xdoi = {10.1115/1.3662552},
    xurl = {https://doi.org/10.1115/1.3662552},
    xeprint = {https://asmedigitalcollection.asme.org/fluidsengineering/article-pdf/82/1/35/5518977/35\_1.pdf},
}

@article{katzfuss19,
  title={Ensemble {K}alman Methods for High-Dimensional Hierarchical Dynamic Space-Time Models},
  author={Katzfuss, Matthias and Stroud, Jonathan R and Wikle, Christopher K},
  xjournal={Journal of the American Statistical Association},
  journal=JASA,
  volume={115},
  number={530},
  pages={866--885},
  year={2020},
   publisher={Taylor \& Francis}
}


@book(keeling09,
author = "Keeling, M and Rohani, P.",
year = 2009,
title = "Modeling Infectious Diseases in Humans and Animals",
publisher = PUP,
address = "Princeton, NJ"
)

@book{keener10,
  title={Theoretical statistics: Topics for a core course},
  author={Keener, Robert W},
  year={2010},
  publisher={Springer}
}

@article{kermack1927,
  title={A Contribution to the Mathematical Theory of Epidemics},
  author={Kermack, William Ogilvy and McKendrick, Anderson G},
  journal={Proceedings of the Royal Society of London, Series A},
  volume={115},
  number={772},
  pages={700--721},
  year={1927},
  publisher={The Royal Society London}
}

@article{kevrekidis04,
  doi={10.1002/aic.10106},
  rmdCite={<a href="http://dx.doi.org/10.1002/aic.10106">@kevrekidis04</a>},
  author = {Kevrekidis, I. G. and  Gear, C. W.  and  Hummer, G.},
  year = {2004},
  title = "Equation-Free: The Computer-Assisted Analysis of Complex, Multiscale Systems",
  journal = AICEJ,
  volume = {50},
  pages = {1346--1354}
}

@article{kevrekidis09,
  title={Equation-Free Multiscale Computation: Algorithms and Applications},
  author={Kevrekidis, Ioannis G and Samaey, Giovanni},
  journal={Annual Review of Physical Chemistry},
  volume={60},
  pages={321--344},
  year={2009}
}

@article(king08, xdoi={10.1038/nature07084},
author = "A. A. King and E. L. Ionides and M. Pascual and M. J. Bouma",
year = 2008,
title = "Inapparent Infections and Cholera Dynamics",
journal = "Nature",
volume = "454",
pages = "877--880"
)

@article{king15,
  title={Avoidable Errors in the Modelling of Outbreaks of Emerging Pathogens, with Special Reference to Ebola},
  author={King, Aaron A and Domenech de Cell{\`e}s, Matthieu and Magpantay, Felicia MG and Rohani, Pejman},
  journal={Proceedings of the Royal Society B: Biological Sciences},
  volume={282},
  number={1806},
  pages={20150347},
  year={2015},
  publisher={The Royal Society}
}

@Article{king16, doi={}, text={King, A. A., Nguyen, D. and  Ionides, E. L. (2016). Statistical Inference for Partially Observed Markov Processes via the R Package pomp. Journal of Statistical Software 69:1-43.},
Author = {King, A. A. and Nguyen, D. and  Ionides, E. L.},
Year = {2016},
Title = {Statistical Inference for Partially Observed {M}arkov Processes via the {R} Package pomp},
Journal ={Journal of Statistical Software},
Volume = {69},
Pages = {1--43}
}

@Article{king2020Subplex,
    title = {\texttt{subplex}: Unconstrained Optimization using the Subplex Algorithm},
    author = {Aaron A. King and Tom Rowan},
Journal ={\upshape{R package, available at \texttt{https://cran.r-project.org/web/packages/subplex}}},
    year = {2020},
    xurl = {https://CRAN.R-project.org/package=subplex},
  }

@article{kirkpatrick83,
  title={Optimization by Simmulated Annealing},
  author={Kirkpatrick, Scott and Gelatt, C. D. and Vecchi, Mario P},
  journal={Science},
  volume={220},
  xnumber={4598},
  pages={671--680},
  year={1983},
  publisher={Washington}
}


@article(kitagawa98, xurl="http://www.jstor.org/stable/2669862",
author = "Kitagawa, G.",
year = 1998,
title = "A Self-Organising State-Space Model",
journal = JASA,
xjournal = "Journal of the American Statistical Association",
volume = 93,
pages = "1203--1215"
)

@misc{pomp2,
  title = {pomp: Statistical Inference for Partially Observed Markov Processes},
howpublished={R package, available at {\small \texttt{http://cran.r-project.org/web/packages/pomp}}},
  author = {Aaron A. King and Edward L. Ionides and Carles Martinez Bret\'o and	Steve Ellner and Bruce Kendall},
  year = {2009},
  xurl = {http://pomp.r-forge.r-rproject.org}
}

@article{korevaar20,
  title={Structure, space and size: competing drivers of variation in urban and rural measles transmission},
  author={Korevaar, Hannah and Metcalf, C Jessica and Grenfell, Bryan T},
  journal={Journal of the Royal Society Interface},
  volume={17},
  number={168},
  pages={20200010},
  year={2020},
  publisher={The Royal Society}
}

@article{kramer24,
  title={Characterizing the interactions between influenza and respiratory syncytial viruses and their implications for epidemic control},
  author={Kramer, Sarah C and Pirikahu, Sarah and Casalegno, Jean-S{\'e}bastien and Domenech de Cell{\`e}s, Matthieu},
  journal={Nature Communications},
  volume={15},
  number={1},
  pages={10066},
  year={2024},
  publisher={Nature Publishing Group UK London}
}

% LLLLLLLLLLLLLLLL

@article(laneri10, xdoi={10.1371/journal.pcbi.1000898}, text={Laneri, K, A Bhadra, EL Ionides, M Bouma, R Yadav, R Dhiman and M Pascual (2010). Forcing versus feedback: Epidemic malaria and monsoon rains in NW India. PLoS Computational Biology 6:e1000898. http://dx.doi.org//10.1371/journal.pcbi.1000898},
author = "Karina Laneri  and Anindya Bhadra and Edward L. Ionides and Menno Bouma and R. Yadav and R. Dhiman and  Mercedes Pascual",
year=2010,
title = "Forcing Versus Feedback: Epidemic Malaria and Monsoon Rains in {NW} {I}ndia",
journal =PLoS-CompBio,
volume = "6",
pages = "e1000898"
)

@article{lau22,
  title={Comparing and linking machine learning and semi-mechanistic models for the predictability of endemic measles dynamics},
  author={Lau, Max SY and Becker, Alex and Madden, Wyatt and Waller, Lance A and Metcalf, C Jessica E and Grenfell, Bryan T},
  journal={PLoS computational biology},
  volume={18},
  number={9},
  pages={e1010251},
  year={2022},
  publisher={Public Library of Science San Francisco, CA USA}
}

@article{lecam1990,
  title = {Maximum Likelihood: An Introduction},
  shorttitle = {Maximum Likelihood},
  author = {Le Cam, L.},
  year = {1990},
  journal = {International Statistical Review / Revue Internationale de Statistique},
  volume = {58},
  number = {2},
  pages = {153--171},
  publisher = {{[Wiley, International Statistical Institute (ISI)]}},
  issn = {0306-7734},
  xdoi = {10.2307/1403464},
  abstract = {Maximum likelihood estimates are reported to be best under all circumstances. Yet there are numerous simple examples where they plainly misbehave. One gives some examples for problems that had not been invented for the purpose of annoying maximum likelihood fans. Another example, imitated from Bahadur, has been specially created with just such a purpose in mind. Next, we present a list of principles leading to the construction of good estimates. The main principle says that one should not believe in principles but study each problem for its own sake. /// L'auteur a ou\"i dire que la m\'ethode du maximum de vraisemblance est la meilleure m\'ethode d'estimation. C'est bien vrai, et pourtant la m\'ethode se casse le nez sur des exemples bien simples qui n'avaient pas \'et\'e invent\'es pour le plaisir de montrer que la m\'ethode peut \^etre tr\`es d\'esagr\'eable. On en donne quelques-uns, plus un autre, imit\'e de Bahadur et fabriqu\'e expr\`es pour ennuyer les admirateurs du maximum de vraisemblance. Ce fait, on donne une savante liste de principes de construction de bons estimateurs, le principe principal \'etant qu'il ne faut pas croire aux principes.},
  file = {/Users/jeswheel/Zotero/storage/YWCIVXZ5/Le Cam - 1990 - Maximum Likelihood An Introduction.pdf}
}

@book{lecam00, 
author = "Le Cam, L. and Yang, G. L.", 
year = 2000, 
title = "Asymptotics in Statistics", 
edition = "2nd",
publisher = "Springer",
address = "New York" 
}

@article{lee16,
  title={State Estimation and Prediction Using Clustered Particle Filters},
  author={Lee, Yoonsang and Majda, Andrew J},
  xjournal={Proceedings of the National Academy of Sciences},
  journal=PNAS,
  volume={113},
  number={51},
  pages={14609--14614},
  year={2016},
  publisher={National Acad Sciences}
}

@article{lee20,
  title={Achieving Coordinated National Immunity and Cholera Elimination in {H}aiti Through Vaccination: A Modelling Study},
  author={Lee, Elizabeth C and Chao, Dennis L and Lemaitre, Joseph C and Matrajt, Laura and Pasetto, Damiano and Perez-Saez, Javier and Finger, Flavio and Rinaldo, Andrea and Sugimoto, Jonathan D and Halloran, M Elizabeth and  Longini, Ira M and Ternier, Ralph and Vissieres,  Kenia and Azman,  Andrew S and Lessler, Justin  and  Ivers, Louise C},
  journal={The Lancet Global Health},
  volume={8},
  number={8},
  pages={e1081--e1089},
  year={2020},
  publisher={Elsevier}
}

@article{lee20sup,
  title={Supplement to: Achieving Coordinated National Immunity and Cholera Elimination in {H}aiti Through Vaccination: A Modelling Study},
  author={Lee, Elizabeth C and Chao, Dennis L and Lemaitre, Joseph C and Matrajt, Laura and Pasetto, Damiano and Perez-Saez, Javier and Finger, Flavio and Rinaldo, Andrea and Sugimoto, Jonathan D and Halloran, M Elizabeth and  Longini, Ira M and Ternier, Ralph and Vissieres,  Kenia and Azman,  Andrew S and Lessler, Justin  and  Ivers, Louise C},
  journal={The Lancet Global Health},
  volume={8},
  number={8},
  pages={e1081--e1089},
  year={2020},
  publisher={Elsevier}
}

@article{leeReply20,
  title={Cholera in Haiti--Authors' Reply},
  author={Lee, Elizabeth C and Ternier, Ralph and Lessler, Justin and Azman, Andrew S and Ivers, Louise C},
  journal={The Lancet Global Health},
  volume={8},
  number={12},
  pages={e1470--e1471},
  year={2020},
  publisher={Elsevier}
}

@Article{lei10,        DOI={doi: 10.1175/2009MWR3133.1}, Author={Lei, Jing and Bickel, Peter and Snyder, Chris},
        Title={Comparison of Ensemble {K}alman Filters under Non-{G}aussianity},
        Journal=MWR,
        Pages={1293--1306},
        Year={2010},
        Volume={138},
        Number={4},
        URL={http://dx.doi.org/10.1175/2009MWR3133.1},
}


@article{lele07,
author = {Lele, Subhash R. and Dennis, Brian and Lutscher, Frithjof},
title = {Data cloning: easy maximum likelihood estimation for complex ecological models using Bayesian Markov chain Monte Carlo methods},
journal = {Ecology Letters},
volume = {10},
number = {7},
pages = {551-563},
keywords = {Bayesian statistics, density dependence, Fisher information, frequentist statistics, generalized linear mixed models, hierarchical models, Markov chain Monte Carlo, state-space models, stochastic population models},
doi = {https://doi.org/10.1111/j.1461-0248.2007.01047.x},
xurl = {https://onlinelibrary.wiley.com/doi/abs/10.1111/j.1461-0248.2007.01047.x},
xeprint = {https://onlinelibrary.wiley.com/doi/pdf/10.1111/j.1461-0248.2007.01047.x},
year = {2007}
}

@article{lele10,
  title={Estimability and likelihood inference for generalized linear mixed models using data cloning},
  author={Lele, Subhash R and Nadeem, Khurram and Schmuland, Byron},
  journal={Journal of the American Statistical Association},
  volume={105},
  number={492},
  pages={1617--1625},
  year={2010},
  publisher={Taylor \& Francis}
}

@article{lemaitre20,
  title={Assessing the Impact of Non-Pharmaceutical Interventions on {SARS}-{CoV}-2 Transmission in {S}witzerland},
  author={Lemaitre, Joseph Chadi and Perez-Saez, Javier and Azman, Andrew and Rinaldo, Andrea and Fellay, Jacques},
  journal={Swiss Medical Weekly},
  year={2020},
  volume={150},
  pages={w20295}
}

@article{lemaitre19,
title = {Rainfall as a Driver of Epidemic Cholera: Comparative Model Assessments of the Effect of Intra-Seasonal Precipitation Events},
journal = {Acta Tropica},
volume = {190},
pages = {235-243},
year = {2019},
issn = {0001-706X},
xdoi = {https://doi.org/10.1016/j.actatropica.2018.11.013},
xurl = {https://www.sciencedirect.com/science/article/pii/S0001706X18300500},
author = {Joseph Lemaitre and Damiano Pasetto and Javier Perez-Saez and Carla Sciarra and Joseph Francis Wamala and Andrea Rinaldo},
keywords = {Epidemiological drivers, Waterborne disease epidemics, Juba, South Sudan, Environmental exposure}
}

@article{leutbecher08,
  title={Ensemble Forecasting},
  author={Leutbecher, Martin and Palmer, Tim N},
  journal={Journal of Computational Physics},
  volume={227},
  number={7},
  pages={3515--3539},
  year={2008},
  publisher={Elsevier}
}

@article{lewis22,
author = {Lewis, Abigail S. L. and Rollinson, Christine R. and Allyn, Andrew J. and Ashander, Jaime and Brodie, Stephanie and Brookson, Cole B. and Collins, Elyssa and Dietze, Michael C. and Gallinat, Amanda S. and Juvigny-Khenafou, Noel and Koren, Gerbrand and McGlinn, Daniel J. and Moustahfid, Hassan and Peters, Jody A. and Record, Nicholas R. and Robbins, Caleb J. and Tonkin, Jonathan and Wardle, Glenda M.},
title = {The Power of Forecasts to Advance Ecological Theory},
  journal={Methods in Ecology and Evolution},
  volume={14},
  number={3},
  pages={746--756},
  year={2023},
  publisher={Wiley Online Library},
  doi={10.1111/2041-210X.13955}
}

@article{li20,
  title={Substantial Undocumented Infection Facilitates the Rapid Dissemination of Novel Coronavirus ({SARS}-{CoV}-2)},
  author={Li, Ruiyun and Pei, Sen and Chen, Bin and Song, Yimeng and Zhang, Tao and Yang, Wan and Shaman, Jeffrey},
  journal={Science},
  volume={368},
  number={6490},
  pages={489--493},
  year={2020},
  publisher={American Association for the Advancement of Science}
}

@article{li23,
  title={Inference on spatiotemporal dynamics for coupled biological populations},
  author={Li, Jifan and Ionides, Edward L and King, Aaron A and Pascual, Mercedes and Ning, Ning},
  journal={Journal of the Royal Society Interface},
  volume={21},
  number={216},
  pages={20240217},
  year={2024},
  publisher={The Royal Society}
}

@ARTICLE{lii90,
  author={Lii, K.-S.},
  journal={IEEE Transactions on Acoustics, Speech, and Signal Processing},
  title={Identification and Estimation of non-Gaussian ARMA Processes},
  year={1990},
  volume={38},
  number={7},
  pages={1266-1276},
  keywords={Autoregressive processes;Predictive models;Parameter estimation;Gaussian noise;Gaussian processes;Maximum likelihood estimation;Additive noise;Frequency response;Statistical distributions;Density functional theory},
  xdoi={10.1109/29.57555}}

@article{lindsay97,
  title={On Second-Order Optimality of the Observed {F}isher Information},
  author={Lindsay, Bruce G and Li, Bing},
  xjournal={The Annals of Statistics},
  journal=AOS,
  volume={25},
  number={5},
  pages={2172--2199},
  year={1997},
  publisher={Institute of Mathematical Statistics}
}

@book(liu01,
author = "Liu, J. S.",
year = 2001,
title = "Monte \mbox{C}arlo Strategies in Scientific Computing",
publisher = "Springer",
address = "New York",
xDOI = {10.1007/978-0-387-76371-2}
)


@Inbook{liuwest01,
author="Liu, Jane
and West, Mike",
editor="Doucet, Arnaud
and de Freitas, Nando
and Gordon, Neil",
title="Combined Parameter and State Estimation in Simulation-Based Filtering",
bookTitle="Sequential Monte Carlo Methods in Practice",
year="2001",
publisher="Springer New York",
address="New York, NY",
pages="197--223",
isbn="978-1-4757-3437-9",
doi="10.1007/978-1-4757-3437-9_10",
xurl="https://doi.org/10.1007/978-1-4757-3437-9_10"
}

@article{lorenz96,
	title = {Predictability: A Problem Partly Solved},
	journal = {Proceedings of the Seminar on Predictability},
	volume = {1},
	year = {1996},
	pages = {1-18},
	publisher = {ECMWF},
	organization = {ECMWF},
	address = {Shinfield Park, Reading},
	author = {Lorenz, E. N.}
}

@incollection(janeliu01, text={Liu, J and West, M. (2001). Combining Parameter and State Estimation in Simulation-Based Filtering. In "Sequential Monte Carlo Methods in Practice" (edited by Doucet, A., de Freitas, N. and Gordon, N. J.)},
author = "Liu, J and West, M.",
year = 2001,
title = "Combining Parameter and State Estimation in Simulation-Based Filtering",
booktitle = "Sequential \mbox{M}onte \mbox{C}arlo Methods in Practice",
editor = "Doucet, A. and de Freitas, N. and Gordon, N. J.",
pages = "197--224",
publisher = "Springer",
address = "New York"
)

@article{lloyd2001,
  title={Destabilization of Epidemic Models with the Inclusion of Realistic Distributions of Infectious Periods},
  author={Lloyd, Alun L},
  journal={Proc R Soc Lond B},
  volume={268},
  number={1470},
  pages={985--993},
  year={2001},
  publisher={The Royal Society}
}

@ARTICLE{ljung79,
author={ Ljung, L.},
journal={Automatic Control, IEEE Transactions on},
title={Asymptotic Behavior of the Extended {K}alman Filter as a Parameter Estimator for Linear Systems},
year={1979},
xmonth={feb},
volume={24},
xnumber={1},
pages={ 36 - 50},
keywords={ Kalman filtering; Linear systems, stochastic discrete-time; Parameter estimation;},
xdoi={10.1109/TAC.1979.1101943},
ISSN={0018-9286},}

@article{lofgren14,
  title={Mathematical models: A key tool for outbreak response},
  author={Lofgren, Eric T and Halloran, M Elizabeth and Rivers, Caitlin M and Drake, John M and Porco, Travis C and Lewis, Bryan and Yang, Wan and Vespignani, Alessandro and Shaman, Jeffrey and Eisenberg, Joseph NS and others},
  journal={Proceedings of the National Academy of Sciences},
  volume={111},
  number={51},
  pages={18095--18096},
  year={2014},
  publisher={National Acad Sciences}
}

@inproceedings{lucas76,
  title={Econometric Policy Evaluation: A Critique},
  author={Lucas, Robert E and others},
  booktitle={Carnegie-Rochester Conference Series on Public Policy},
  volume={1},
  number={1},
  pages={19--46},
  year={1976}
}

% MMMMMMMMMMMMMMMM

@article{marino18,
  title={Evaluating Consumptive and Nonconsumptive Predator Effects on Prey Density using Field Times Series Data},
  author={Marino, J. A. and Peacor, S. D.  and Bunnell, D. B.  and Vanderploeg, H. A. and Pothoven, S. A. and Elgin, A. K. and Bence, J. R. and Jiao, J. and Ionides, E. L.},
  journal={Ecology},
  volume={100},
  number={3},
  pages={e02583},
  year={2019},
  publisher={Wiley Online Library}
}

@Article{marjoram03,
  Doi = {10.1073/pnas.0306899100},
  rmdCite={<a href="http://dx.doi.org/10.1073/pnas.0306899100">@marjoram03</a>},
  Author = {Marjoram, Paul and Molitor, John and Plagnol, Vincent and Tavar\'{e}, Simon},
  Title = {Markov Chain {M}onte {C}arlo Without Likelihoods},
  Volume = {100},
  Xnumber = {26},
  Pages = {15324-15328},
  Year = {2003},
  Journal = PNAS,
}


@Article{martinez17,
  author       = {Martinez, Pamela P. and Reiner, Robert C. and Cash, Benjamin A. and Rod{\'{o}}, Xavier and Shahjahan Mondal, Mohammad and Roy, Manojit and Yunus, Mohammad and Faruque, A. S. G. and Huq, Sayeeda and King, Aaron A. and Pascual, Mercedes},
  title        = {Cholera Forecast for {Dhaka}, {Bangladesh}, with the 2015--2016{ El Ni\~no}: Lessons Learned},
  journal      = {PLoS ONE},
  year         = {2017},
  volume       = {12},
  pages        = {e0172355},
  issn         = {1932-6203},
  country      = {United States},
  doi          = {10.1371/journal.pone.0172355},
  pmid         = {28253325},
}

@article{may04,
  title={Uses and abuses of mathematics in biology},
  author={May, Robert M},
  journal={science},
  volume={303},
  number={5659},
  pages={790--793},
  year={2004},
  publisher={American Association for the Advancement of Science}
}

@book{mayo18,
  title={Statistical Inference as Severe Testing},
  author={Mayo, Deborah G},
  year={2018},
  publisher={Cambridge: Cambridge University Press}
}

@article{mccabe21,
  title={Disease transmission and control modelling at the science--policy interface},
  author={McCabe, Ruth and Donnelly, Christl A},
  journal={Interface Focus},
  volume={11},
  number={6},
  pages={20210013},
  year={2021},
  publisher={The Royal Society}
}

@article{mcleod1975,
  title = {Derivation of the {{Theoretical Autocovariance Function}} of {{Autoregressive Moving Average Time Series}}},
  author = {McLeod, Ian},
  year = {1975},
  journal = {Journal of the Royal Statistical Society. Series C (Applied Statistics)},
  volume = {24},
  number = {2},
  pages = {255--256},
  publisher = {{[Wiley, Royal Statistical Society]}},
  issn = {00359254, 14679876},
  xdoi = {10.2307/2346573},
  abstract = {[An algorithm suitable for the machine calculation of the theoretical autocovariance function is suggested.]}
}

@article{metropolis53,
  title={Equation of State Calculations by Fast Computing Machines},
  author={Metropolis, Nicholas and Rosenbluth, Arianna W and Rosenbluth, Marshall N and Teller, Augusta H and Teller, Edward},
  xjournal={The Journal of Chemical Physics},
  journal=JCP,
  volume={21},
  xnumber={6},
  pages={1087--1092},
  year={1953},
  publisher={AIP Publishing}
}

@article{michel19,
  title={Estimating Effectiveness of Case-Area Targeted Response Interventions Against Cholera in {H}aiti},
  author={Michel, Edwige and Gaudart, Jean and Beaulieu, Samuel and Bulit, Gregory and Piarroux, Martine and Boncy, Jacques and Dely, Patrick and Piarroux, Renaud and Rebaudet, Stanislas},
  journal={Elife},
  volume={8},
  pages={e50243},
  year={2019},
  publisher={eLife Sciences Publications Limited}
}

@article{molodecky23,
  title={Modelling the spread of serotype-2 vaccine derived-poliovirus outbreak in {P}akistan and {A}fghanistan to inform outbreak control strategies in the context of the {COVID-19} pandemic},
  author={Molodecky, Natalia A and Jafari, Hamid and Safdar, Rana M and Ahmed, Jamal A and Mahamud, Abdirahman and Bandyopadhyay, Ananda S and Shukla, Hemant and Quddus, Arshad and Zaffran, Michel and Sutter, Roland W and Grassly, Nicholas C and Blake, Isobel M},
  journal={Vaccine},
  volume={41},
  pages={A93--A104},
  year={2023},
  publisher={Elsevier}
}

@article{monahan83,
title = {Fully Bayesian analysis of ARMA time series models},
journal = {Journal of Econometrics},
volume = {21},
number = {3},
pages = {307-331},
year = {1983},
issn = {0304-4076},
xdoi = {https://doi.org/10.1016/0304-4076(83)90048-9},
xurl = {https://www.sciencedirect.com/science/article/pii/0304407683900489},
author = {John F. Monahan}
}

@article{mondini08,
title = {Spatial Correlation of Incidence of Dengue with Socioeconomic, Demographic and Environmental Variables in a {B}razilian City},
author = {Mondini, A. and Chiaravalloti-Neto, F.},
journal={Science of the Total Environment},
year = {2008},
volume = {393},
pages = {241-248}
}

@article{murphy2000,
author = { S. A.   Murphy  and  A. W.   Van Der Vaart },
title = {On Profile Likelihood},
journal = {Journal of the American Statistical Association},
volume = {95},
number = {450},
pages = {449-465},
year  = {2000},
publisher = {Taylor & Francis},
doi = {10.1080/01621459.2000.10474219},

URL = {
        https://www.tandfonline.com/doi/abs/10.1080/01621459.2000.10474219

},
eprint = {
        https://www.tandfonline.com/doi/pdf/10.1080/01621459.2000.10474219

}

}

% NNNNNNNNNNNNNNNN

@article{ndii17,
  title={Stochastic Mathematical Models in Epidemiology},
  author={Ndii, Meksianis Z and Supriatna, Asep K},
  journal={Information},
  volume={20},
  pages={6185--6196},
  year={2017}
}

@article{newman23,
  title={State-space models for ecological time-series data: Practical model-fitting},
  doi={10.1111/2041-210X.13833},
  author={Newman, K. and King, R. and Elvira, V. and de Valpine, P. and McCrea, R. S. and Morgan, B. J.T.},
  journal={Methods in Ecology and Evolution},
  volume={14},
  number={1},
  pages={26--42},
  year={2023},
  publisher={Wiley Online Library}
}

@article{ng02,
  title={Factored Particles for Scalable Monitoring},
  author={Ng, Brenda and Peshkin, Leonid and Pfeffer, Avi},
  xjournal={Proc. 18th Conf. Uncertainty Artif. Intell.},
  journal={Proceedings of the 18th Conference on Uncertainty and Artificial Intelligence},
  year={2002},
  pages={370-377}
}

@Article{nguyen17, text={Nguyen, D. and Ionides, E. L. (2016). "A second-order iterated smoothing algorithm"},
  Author = {Nguyen, D. and Ionides, E. L.},
  Year = {2015},
  Title = {A Second-Order Iterated Smoothing Algorithm},
  Journal = SC,
  Volume={27},
  Number={6},
  Pages={1677--1692},
}

@article{ning21,
title = {Scalable {M}onte {C}arlo Inference and Rescaled Local Asymptotic Normality},
author = {Ning, N. and Ionides, E. L. and Ritov, Y.},
year = {2021},
journal = {Bernoulli},
volume = {pre-published online}
}

@article{ning23,
  title={Iterated block particle filter for high-dimensional parameter learning: Beating the curse of dimensionality},
  author={Ning, Ning and Ionides, Edward L},
  xjournal={J. Mach. Learn. Res.},
  journal={Journal of Machine Learning Research},
  volume={24},
  pages={1--76},
  year={2023}
}

@misc{NOAA16,
  author = {NOAA},
  year = {2016},
  title = {Monthly Average Master Gauge Water Levels (1860-Present): Lake Michigan-Huron},
  journal = {Great Lakes Environmental Research Laboratory},
  url = {https://www.glerl.noaa.gov/data/dashboard/data/levels/mGauge/miHuronMog.csv},
  note = {Accessed: Jan 24, 2016}
}

@article{noordijk24,
  title = {The Rise of Scientific Machine Learning: A Perspective on Combining Mechanistic Modelling with Machine Learning for Systems Biology},
  shorttitle = {The Rise of Scientific Machine Learning},
  author = {Noordijk, Ben and Garcia Gomez, Monica L. and {ten Tusscher}, Kirsten H. W. J. and {de Ridder}, Dick and {van Dijk}, Aalt D. J. and Smith, Robert W.},
  year = {2024},
  month = aug,
  journal = {Frontiers in Systems Biology},
  volume = {4},
  publisher = {Frontiers},
  issn = {2674-0702},
  doi = {10.3389/fsysb.2024.1407994},
  urldate = {2025-02-14},
  langid = {english},
  keywords = {Biology-informed neural network (BINN),machine learning,mechanistic models,ordinary differential equations,parameter estimation,Scientific machine learning (SciML),system identification}
}

% OOOOOOOOOOOOOOOO

  @Manual{ohara23,
    title = {fable: Forecasting Models for Tidy Time Series},
    author = {Mitchell O'Hara-Wild and Rob Hyndman and Earo Wang},
    year = {2023},
    note = {R package version 0.3.3},
    url = {https://CRAN.R-project.org/package=fable},
  }

@inproceedings{ong1997gilbert,
  title={\href{https://ieeexplore.ieee.org/abstract/document/614298}{The Gilbert-Johnson-Keerthi distance algorithm: A fast version for incremental motions}},
  author={Ong, Chong Jin and Gilbert, Elmer G},
  booktitle={Proceedings of International Conference on Robotics and Automation},
  volume={2},
  pages={1183--1189},
  year={1997},
  organization={IEEE}
}

% PPPPPPPPPPPPPPPP

@misc{PAHO23,
  title = {Cholera Epidemic in Hispaniola 2023 - Situation Report 19},
  author = {{Pan American Health Organization}},
  year = {2023},
  url = {https://www.paho.org/en/documents/cholera-outbreak-hispaniola-2023-situation-report-19}
}

@article{palmer02,
  title={The Economic Value of Ensemble Forecasts as a Tool for Risk Assessment: From Days to Decades},
  author={Palmer, Tim N},
  journal={Quarterly Journal of the Royal Meteorological Society},
  volume={128},
  number={581},
  pages={747--774},
  year={2002},
  publisher={Wiley Online Library}
}

@Article{park20,
   Author = {Park, J. and Ionides, E. L.},
    Title = {Inference on High-Dimensional Implicit Dynamic Models using a Guided Intermediate Resampling Filter},
  Journal = {Statistics \& Computing},
    pages = {1497--1522},
   volume = {30},
     year = 2020
}

@book{pawitan01,
  title={In all likelihood: statistical modelling and inference using likelihood},
  author={Pawitan, Yudi},
  year={2001},
  publisher={Oxford University Press}
}

@article{pezzoli20,
title = {Global Oral Cholera Vaccine Use, 2013–2018},
journal = {Vaccine},
volume = {38},
pages = {A132-A140},
year = {2020},
issn = {0264-410X},
xdoi = {https://doi.org/10.1016/j.vaccine.2019.08.086},
xurl = {https://www.sciencedirect.com/science/article/pii/S0264410X19311855},
author = {Lorenzo Pezzoli},
}

@article{piarroux22,
  title={Cholera in Haiti},
  author={Piarroux, Renaud and Moore, Sandy and Rebaudet, Stanislas},
  journal={La Presse M{\'e}dicale},
  pages={104136},
  year={2022},
  publisher={Elsevier}
}

@article(pitt99, xurl="http://www.jstor.org/stable/2670179",
author = "Pitt, M. K. and Shepard, N.",
year = 1999,
title = "Filtering via Simulation: Auxillary Particle Filters",
journal = JASA,
volume = 94,
pages = "590--599"
)

@MISC{pmdarima,
  author = {Taylor G. Smith and others},
  title  = {{pmdarima}: ARIMA estimators for {Python}},
  year   = {2017},
  url    = "http://www.alkaline-ml.com/pmdarima",
  note   = {http://www.alkaline-ml.com/pmdarima. [Online; accessed May 28, 2024]}
}

@article{ponciano09,
  title={Hierarchical models in ecology: confidence intervals, hypothesis testing, and model selection using data cloning},
  author={Ponciano, Jose Miguel and Taper, Mark L and Dennis, Brian and Lele, Subhash R},
  journal={Ecology},
  volume={90},
  number={2},
  pages={356--362},
  year={2009},
  publisher={Wiley Online Library}
}

@article{pons-salort18,
  title={Serotype-Specific Immunity Explains the Incidence of Diseases Caused by Human Enteroviruses},
  author={Pons-Salort, Margarita and Grassly, Nicholas C},
  journal={Science},
  volume={361},
  number={6404},
  pages={800--803},
  year={2018},
  publisher={American Association for the Advancement of Science}
}

@article{poterjoy16,
  title={A Localized Particle Filter for High-Dimensional Nonlinear Systems},
  author={Poterjoy, Jonathan},
  xjournal={Monthly Weather Review},
  journal=MWR,
  volume={144},
  number={1},
  pages={59--76},
  year={2016}
}

@article{prosperi20,
  title={Causal inference and counterfactual prediction in machine learning for actionable healthcare},
  author={Prosperi, Mattia and Guo, Yi and Sperrin, Matt and Koopman, James S and Min, Jae S and He, Xing and Rich, Shannan and Wang, Mo and Buchan, Iain E and Bian, Jiang},
  journal={Nature Machine Intelligence},
  volume={2},
  number={7},
  pages={369--375},
  year={2020},
  publisher={Nature Publishing Group UK London}
}

% QQQQQQQQQQQQQQQ

% RRRRRRRRRRRRRRR

@Manual{r,
  title = {R: A Language and Environment for Statistical Computing},
  author = {{R Core Team}},
  organization = {R Foundation for Statistical Computing},
  address = {Vienna, Austria},
  year = {2022},
  url = {https://www.R-project.org/},
}

@article{penaloza15,
title = {A Systematic Review of Research Guidelines in Decision-Analytic Modeling},
journal = {Value in Health},
volume = {18},
number = {4},
pages = {512-529},
year = {2015},
issn = {1098-3015},
xdoi = {https://doi.org/10.1016/j.jval.2014.12.014},
xurl = {https://www.sciencedirect.com/science/article/pii/S1098301515000066},
author = {Maria Cristina {Peñaloza Ramos} and Pelham Barton and Sue Jowett and Andrew John Sutton},
keywords = {decision-analytic modeling, good practice, guidelines, methods, modeling}
}

@article{ramsey94,
  title={Literate Programming Simplified},
  author={Ramsey, Norman},
  journal={IEEE Software},
  volume={11},
  number={5},
  pages={97--105},
  year={1994},
  publisher={IEEE}
}

@article{ranjeva17,
  title={Recurring infection with ecologically distinct {HPV} types can explain high prevalence and diversity},
  author={Ranjeva, Sylvia L and Baskerville, Edward B and Dukic, Vanja and Villa, Luisa L and Lazcano-Ponce, Eduardo and Giuliano, Anna R and Dwyer, Greg and Cobey, Sarah},
  journal={Proceedings of the National Academy of Sciences},
  volume={114},
  number={51},
  pages={13573--13578},
  year={2017},
  publisher={National Academy of Sciences}
}

@article{ranjeva19,
  title={Age-Specific Differences in the Dynamics of Protective Immunity to Influenza},
  author={Ranjeva, Sylvia and Subramanian, Rahul and Fang, Vicky J and Leung, Gabriel M and Ip, Dennis KM and Perera, Ranawaka APM and Peiris, JS Malik and Cowling, Benjamin J and Cobey, Sarah},
  journal={Nature communications},
  volume={10},
  number={1},
  pages={1660},
  year={2019},
  publisher={Nature Publishing Group}
}

@article{rebaudet21,
  title={Toward Cholera Elimination, Haiti},
  author={Rebaudet, Stanislas and D{\'e}ly, Patrick and Boncy, Jacques and Henrys, Jean Hugues and Piarroux, Renaud},
  journal={Emerging Infectious Diseases},
  volume={27},
  number={11},
  pages={2932},
  year={2021},
  publisher={Centers for Disease Control and Prevention}
}

@article{rebaudet19,
  title={Epidemiological and Molecular Forensics of Cholera Recurrence in {H}aiti},
  author={Rebaudet, Stanislas and Moore, Sandra and Rossignol, Emmanuel and Bogreau, Herv{\'e} and Gaudart, Jean and Normand, Anne-C{\'e}cile and Laraque, Marie-Jos{\'e} and Adrien, Paul and Boncy, Jacques and Piarroux, Renaud},
  journal={Scientific Reports},
  volume={9},
  number={1},
  pages={1--11},
  year={2019},
  publisher={Nature Publishing Group}
}

@article{rebaudet19CATI,
  title={The Case-Area Targeted Rapid Response Strategy to Control Cholera in Haiti: A Four-Year Implementation Study},
  author={Rebaudet, Stanislas and Bulit, Gregory and Gaudart, Jean and Michel, Edwige and Gazin, Pierre and Evers, Claudia and Beaulieu, Samuel and Abedi, Aaron Aruna and Osei, Lindsay and Barrais, Robert and others},
  journal={PLoS Neglected Tropical Diseases},
  volume={13},
  number={4},
  pages={e0007263},
  year={2019},
  publisher={Public Library of Science San Francisco, CA USA}
}

@article{rebaudetComment20,
  title={Cholera in Haiti},
  author={Rebaudet, Stanislas and Gaudart, Jean and Piarroux, Renaud},
  journal={The Lancet Global Health},
  volume={8},
  number={12},
  pages={e1468},
  year={2020},
  publisher={Elsevier}
}

@Article{rebeschini15,
Text={Rebeschini, P, and van Handel, R. (2015). Can local particle filters beat the curse of dimensionality? Ann. Applied Prob.},
Author = {Rebeschini, P. and van Handel, R.},
Year = {2015},
Title = {Can Local Particle Filters Beat the Curse of Dimensionality?},
Journal = {The Annals of Applied Probability},
Number = {5},
Volume= {25},
Pages={2809--2866},
}

@article{rinaldo12,
  author = {Andrea Rinaldo  and Enrico Bertuzzo  and Lorenzo Mari  and Lorenzo   Righetto  and Melanie Blokesch  and Marino Gatto  and Renato Casagrandi  and   Megan Murray  and Silvan M. Vesenbeckh  and Ignacio Rodriguez-Iturbe },
  title = {Reassessment of the 2010-2011 {H}aiti Cholera Outbreak and Rainfall-Driven Multiseason Projections},
  journal = {Proceedings of the National Academy of Sciences},
  volume = {109},
  number = {17},
  pages = {6602-6607},
  year = {2012},
  xdoi = {10.1073/pnas.1203333109},
  xURL = {https://www.pnas.org/doi/abs/10.1073/pnas.1203333109},
  eprint = {https://www.pnas.org/doi/pdf/10.1073/pnas.1203333109}
}

@article{ripley2002,
  title = {Time Series in {{R}} 1.5.0},
  author = {Ripley, Brian D},
  year = {2002},
  journal = {The Newsletter of the R Project Volume},
  volume = {2},
  pages = {2},
  xmonth = jun,
  xurl = {https://www.r-project.org/doc/Rnews/Rnews\_2002-2.pdf},
  file = {/Users/jeswheel/Zotero/storage/LYB6FAXJ/Rnews_2002-2.pdf}
}

@article{rivera22,
  title={Estimation for Disease Models Across Scales},
  author={Rivera, Wilmer O Martinez},
  year={2022},
  journal={Arizona State University}
}

@Article{romero-severson15,doi={10.1093/aje/kwv044}, text={Romero-Severson, EO, Volz, E, Koopman, JS, Leitner, T and Ionides, EL (2015). Dynamic Variation in Sexual Contact Rates in a Cohort of HIV-Negative Gay Men. American Journal of Epidemiology 182:255-262.},
  Title={Dynamic Variation in Sexual Contact Rates in a Cohort of {HIV}-Negative Gay Men},
  Author={Romero-Severson, EO and Volz, E and Koopman, JS and Leitner, T and Ionides, EL},
  xJournal={American Journal of Epidemiology},
  Journal=AJE,
  Pages={255-262},
  Volume={182},
  Year={2015},
  Publisher=OUP
}

@other{rossignol11,
  title = {R bug report PR \#14682},
  author = {Raphael Rossignol},
  year = {2011},
  url = {https://bugs.r-project.org/show_bug.cgi?id=14682}
}

@article{rounaghi2016,
  title = {Investigation of Market Efficiency and {{Financial Stability}} between {{S}}\&{{P}} 500 and {{London Stock Exchange}}: {{Monthly}} and Yearly {{Forecasting}} of {{Time Series Stock Returns}} Using {{ARMA}} Model},
  shorttitle = {Investigation of Market Efficiency and {{Financial Stability}} between {{S}}\&{{P}} 500 and {{London Stock Exchange}}},
  author = {Rounaghi, Mohammad Mahdi and Nassir Zadeh, Farzaneh},
  year = {2016},
  xmonth = aug,
  journal = {Physica A: Statistical Mechanics and its Applications},
  volume = {456},
  pages = {10--21},
  issn = {0378-4371},
  xdoi = {10.1016/j.physa.2016.03.006},
  abstract = {We investigated the presence and changes in, long memory features in the returns and volatility dynamics of S\&P 500 and London Stock Exchange using ARMA model. Recently, multifractal analysis has been evolved as an important way to explain the complexity of financial markets which can hardly be described by linear methods of efficient market theory. In financial markets, the weak form of the efficient market hypothesis implies that price returns are serially uncorrelated sequences. In other words, prices should follow a random walk behavior. The random walk hypothesis is evaluated against alternatives accommodating either unifractality or multifractality. Several studies find that the return volatility of stocks tends to exhibit long-range dependence, heavy tails, and clustering. Because stochastic processes with self-similarity possess long-range dependence and heavy tails, it has been suggested that self-similar processes be employed to capture these characteristics in return volatility modeling. The present study applies monthly and yearly forecasting of Time Series Stock Returns in S\&P 500 and London Stock Exchange using ARMA model. The statistical analysis of S\&P 500 shows that the ARMA model for S\&P 500 outperforms the London stock exchange and it is capable for predicting medium or long horizons using real known values. The statistical analysis in London Stock Exchange shows that the ARMA model for monthly stock returns outperforms the yearly. \hspace{0pt}A comparison between S\&P 500 and London Stock Exchange shows that both markets are efficient and have Financial Stability during periods of boom and bust.},
  langid = {english},
  keywords = {Boom,Bust,Financial Stability,Market efficiency,Stock returns,Time series},
  file = {/Users/jeswheel/Zotero/storage/ZX6NJRAX/S0378437116002776.html}
}

@article(roy13, xdoi={10.1371/journal.pntd.0001979},
author = "Roy, M. and Bouma, M. J. and Ionides, E. L. and Dhiman, R. C. and Pascual, M.",
year = 2013,
title = "The Potential Elimination of {P}lasmodium Vivax Malaria by Relapse Treatment: Insights from a Transmission Model and Surveillance Data from {NW} {I}ndia",
journal = PLoS-NTD,
volume = 7,
pages = "e1979"
)

@Article{roy15,
author="Roy, Manojit
and Bouma, Menno
and Dhiman, Ramesh C.
and Pascual, Mercedes",
title="Predictability of Epidemic Malaria under Non-Stationary Conditions with Process-Based Models Combining Epidemiological Updates and Climate Variability",
journal="Malaria Journal",
year="2015",
xmonth="Oct",
day="26",
volume="14",
number="1",
pages="419",
issn="1475-2875",
doi="10.1186/s12936-015-0937-3",
url="https://doi.org/10.1186/s12936-015-0937-3"
}

@article{rubin22,
  author = {Rubin, Daniel H. F. and Zingl, Franz G. and Leitner, Deborah R. and Ternier, Ralph and Compere, Valusnor and Marseille, Samson and Slater, Damien and Harris, Jason B. and Chowdhury, Fahima and Qadri, Firdausi and Boncy, Jacques and Ivers, Louise C. and Waldor, Matthew K.},
  title = {Reemergence of Cholera in {H}aiti},
  journal={New England Journal of Medicine},
  volume={387},
  number={25},
  pages={2387--2389},
  year={2022},
  publisher={Mass Medical Soc}
}

@Manual{rugarch,
  title = {rugarch: Univariate GARCH models.},
  author = {Alexios Galanos},
  year = {2023},
  note = {R package version 1.5-1.},
}

@article{ryden97,
title = "On Recursive Estimation for Hidden Markov Models",
journal = "Stochastic Processes and their Applications",
volume = "66",
xnumber = "1",
pages = "79 - 96",
year = "1997",
issn = "0304-4149",
xdoi = "10.1016/S0304-4149(96)00114-7",
xurl = "http://www.sciencedirect.com/science/article/pii/S0304414996001147",
author = "Tobias Ryd\'{e}n"
}

% SSSSSSSSSSSSSSS

@article{sallah17,
  title={Mathematical Models for Predicting Human Mobility in the Context of Infectious Disease Spread: Introducing the Impedance Model},
  author={Sallah, Kanko{\'e} and Giorgi, Roch and Bengtsson, Linus and Lu, Xin and Wetter, Erik and Adrien, Paul and Rebaudet, Stanislas and Piarroux, Renaud and Gaudart, Jean},
  journal={International Journal of Health Geographics},
  volume={16},
  number={1},
  pages={1--11},
  year={2017},
  publisher={BioMed Central}
}

@article{saltelli19,
  title={A short comment on statistical versus mathematical modelling},
  author={Saltelli, Andrea},
  journal={Nature communications},
  volume={10},
  number={1},
  pages={3870},
  year={2019},
  publisher={Nature Publishing Group UK London}
}

@article{saltelli20,
  title={Five Ways to Ensure that Models Serve Society: a Manifesto},
  author={Saltelli, Andrea and Bammer, Gabriele and Bruno, Isabelle and Charters, Erica and Di Fiore, Monica and Didier, Emmanuel and Nelson Espeland, Wendy and Kay, John and Lo Piano, Samuele and Mayo, Deborah and Pielke, Roger and Portaluri, Tommaso and Porter, Theodore M. and Puy, Arnald and Rafols, Ismael and Ravetz, Jerome R. and Reinert, Erik and Sarewitz, Daniel and Stark, Philip B. and Stirling, Andrew and van der Sluijs, Jeroen and Vineis, Paolo},
  year={2020},
  journal={Nature},
  volume={582},
  pages={428--484},
  publisher={Nature Publishing Group}
}

@article{sanches11,
  title={The Role of Immunity and Seasonality in Cholera Epidemics},
  author={Sanches, Ros{\^a}ngela P and Ferreira, Claudia P and Kraenkel, Roberto A},
  journal={Bulletin of Mathematical Biology},
  volume={73},
  number={12},
  pages={2916--2931},
  year={2011},
  publisher={Springer}
}

@incollection{sas23,
  title={User's guide: Statistics},
  booktitle={{SAS/ETS} 15.3 User's Guide},
  author={{SAS Institute Inc.}},
  volume={15.3},
  chapter={8},
  year={2023},
  publisher={Cary, NC: Sas Institute Inc.}
}

@inproceedings{seabold10,
  title={statsmodels: Econometric and statistical modeling with python},
  author={Seabold, Skipper and Perktold, Josef},
  booktitle={9th Python in Science Conference},
  year={2010},
}

@article{searle16,
  title={Population Density, Not Host Competence, Drives Patterns of Disease in an Invaded Community},
  author={Searle, Catherine L and Cortez, Michael H and Hunsberger, Katherine K and Grippi, Dylan C and Oleksy, Isabella A and Shaw, Clara L and de la Serna, Solanus B and Lash, Chloe L and Dhir, Kailash L and Duffy, Meghan A},
  journal={The American Naturalist},
  volume={188},
  number={5},
  pages={554-566},
  year={2016},
  publisher={University of Chicago Press Chicago, IL},
  doi="10.1086/688402"
}

@article{shannon1948mathematical,
  title={\href{https://ieeexplore.ieee.org/abstract/document/6773024}{A mathematical theory of communication}},
  author={Shannon, Claude E},
  journal={The Bell system technical journal},
  volume={27},
  number={3},
  pages={379--423},
  year={1948},
  publisher={Nokia Bell Labs}
}

@article{shaman12,xdoi = {10.1073/pnas.1208772109},text={Shaman, J. and A. Karspeck (2012). Forecasting seasonal outbreaks of influenza. PNAS 109:20425-20430.},
author = {Shaman, Jeffrey and Karspeck, Alicia},
title = {Forecasting Seasonal Outbreaks of Influenza},
volume = {109},
xnumber = {50},
pages = {20425-20430},
year = {2012},
XURL = {http://www.pnas.org/content/109/50/20425.abstract},
eprint = {http://www.pnas.org/content/109/50/20425.full.pdf+html},
journal = PNAS
}

@article{shrestha11,    xdoi = {10.1371/journal.pcbi.1002135}, text={Shrestha, S., A. A. King and P. Rohani (2011). "Statistical Inference for Multi-Pathogen Systems". PLoS Comput Biol 7:e1002135. http://dx.doi.org/10.1371/journal.pcbi.1002135},
    author = {Shrestha, Sourya AND King, Aaron A. AND Rohani, Pejman},
    xjournal = {PLoS Comput Biol},
    journal = PLoS-CompBio,
    publisher = {Public Library of Science},
    title = {Statistical Inference for Multi-Pathogen Systems},
    year = {2011},
    xmonth = {08},
    volume = {7},
    xurl = {http://dx.doi.org/10.1371%2Fjournal.pcbi.1002135},
    pages = {e1002135},
    xnumber = {8},
}

@article{shrestha13,xdoi = {10.1126/scitranslmed.3005982},
author = {Shrestha, Sourya and Foxman, Betsy and Weinberger, Daniel M. and Steiner, Claudia and Viboud, C\'{e}cile and Rohani, Pejman},
title = {Identifying the Interaction Between Influenza and Pneumococcal Pneumonia Using Incidence Data},
volume = {5},
xnumber = {191},
pages = {191ra84},
year = {2013},
XURL = {http://stm.sciencemag.org/content/5/191/191ra84.abstract},
eprint = {http://stm.sciencemag.org/content/5/191/191ra84.full.pdf},
xjournal = {Science Translational Medicine},
yjournal = {Science Transl. Med.},
journal=STM
}

@book{shumway2017,
  title = {Time {{Series Analysis}} and {{Its Applications}}: {{With R Examples}}},
  shorttitle = {Time {{Series Analysis}} and {{Its Applications}}},
  author = {Shumway, Robert H. and Stoffer, David S.},
  year = {2017},
  series = {Springer {{Texts}} in {{Statistics}}},
  publisher = {{Springer International Publishing}},
  address = {{Cham}},
  doi = {10.1007/978-3-319-52452-8},
  isbn = {978-3-319-52451-1 978-3-319-52452-8},
  langid = {english}
}

@article{simpson23,
  title={Profile-wise analysis: a profile likelihood-based workflow for identifiability analysis, estimation, and prediction with mechanistic mathematical models},
  author={Simpson, Matthew J and Maclaren, Oliver J},
  journal={PLoS Computational Biology},
  volume={19},
  number={9},
  pages={e1011515},
  year={2023},
  publisher={Public Library of Science San Francisco, CA USA}
}

@article{skolstrup22,
title = {Using state space models to monitor and estimate the effects of interventions on treatment risk and milk yield in dairy farms},
journal = {Journal of Dairy Science},
volume = {105},
number = {7},
pages = {5870-5892},
year = {2022},
issn = {0022-0302},
doi = {https://doi.org/10.3168/jds.2021-21408},
url = {https://www.sciencedirect.com/science/article/pii/S0022030222002697},
author = {Nanna K. Sk{\o}lstrup and Dorte B. Lastein and Leonardo V. {de Knegt} and Anders R. Kristensen},
keywords = {state space models, effect estimation and monitoring, milk yield, treatment risk, dairy farms}
}

@article{smith22,
  title={Ecosystem Models in a Bayesian State Space Framework},
  author={Smith Jr, John William},
  year={2022},
  journal={Virginia Tech}
}

@article{snyder08,
  title={Obstacles to high-dimensional particle filtering},
  author={Snyder, Chris and Bengtsson, Thomas and Bickel, Peter and Anderson, Jeff},
  journal={Monthly Weather Review},
  volume={136},
  number={12},
  pages={4629--4640},
  year={2008},
  publisher={American Meteorological Society}
}

@article{snyder15,
  title={Performance Bounds for Particle Filters Using the Optimal Proposal},
  author={Snyder, Chris and Bengtsson, Thomas and Morzfeld, Mathias},
  journal={Monthly Weather Review},
  volume={143},
  number={11},
  pages={4750--4761},
  year={2015}
}

@article{stocks18,
    author = {Stocks, Theresa and Britton, Tom and H\"{o}hle, Michael},
    title = {Model selection and parameter estimation for dynamic epidemic models via iterated filtering: Application to rotavirus in {G}ermany},
    journal = {Biostatistics},
    volume = {21},
    number = {3},
    pages = {400-416},
    year = {2018},
    xmonth = {09}
}


@article{stocks20,
  title={Model Selection and Parameter Estimation for Dynamic Epidemic Models via Iterated Filtering: Application to Rotavirus in {G}ermany},
  author={Stocks, Theresa and Britton, Tom and H{\"o}hle, Michael},
  journal={Biostatistics},
  volume={21},
  number={3},
  pages={400--416},
  year={2020},
  publisher={Oxford University Press}
}

@ARTICLE{storvik02,xdoi={10.1109/78.978383},
title={Particle Filters for State-Space Models with the Presence of Unknown Static Parameters},
author={Storvik, G.},
xjournal={IEEE Transactions on Signal Processing},
yjournal={IEEE Trans. Sig. Proc.},
journal=TSP,
year={2002},
xmonth={Feb},
volume={50},
xnumber={2},
pages={281-289},
ISSN={1053-587X} }

@article{subramanian20,
  title={Predicting Re-Emergence Times of Dengue Epidemics at Low Reproductive Numbers: {DENV}1 in {R}io de {J}aneiro, 1986--1990},
  author={Subramanian, Rahul and Romeo-Aznar, Victoria and Ionides, Edward and Code{\c{c}}o, Claudia T and Pascual, Mercedes},
  journal={Journal of the Royal Society Interface},
  volume={17},
  number={167},
  pages={20200273},
  year={2020},
  publisher={The Royal Society}
}

@article{subramanian21,
  title={Quantifying Asymptomatic Infection and Transmission of {COVID}-19 in {N}ew {Y}ork {C}ity using Observed Cases, Serology, and Testing Capacity},
  author={Subramanian, Rahul and He, Qixin and Pascual, Mercedes},
  journal={Proceedings of the National Academy of Sciences},
  volume={118},
  number={9},
  pages={e2019716118},
  year={2021},
  publisher={National Academy of Sciences}
}

@article{swallow22,
  title={Challenges in Estimation, Uncertainty Quantification and Elicitation for Pandemic Modelling},
  author={Swallow, Ben and Birrell, Paul and Blake, Joshua and Burgman, Mark and Challenor, Peter and Coffeng, Luc E and Dawid, Philip and De Angelis, Daniela and Goldstein, Michael and Hemming, Victoria and Marion, GlennMarion and McKinley, Trevelyan, J. and Overton, Christopher E. and Panovska-Griffith, Jasmina and Pellis, Lorenzo and Probert, Will and Shea, Katriona and Villela, Daniel and Vernon, Ian},
  journal={Epidemics},
  volume={38},
  pages={100547},
  year={2022},
  publisher={Elsevier}
}

% TTTTTTTTTTTTTTT

@misc{tan24,
      title={Accelerated Inference for Partially Observed Markov Processes using Automatic Differentiation}, 
      author={Kevin Tan and Giles Hooker and Edward L. Ionides},
      year={2024},
      eprint={2407.03085},
      archivePrefix={arXiv},
      primaryClass={stat.ME},
      url={https://arxiv.org/abs/2407.03085}, 
}

@article(toni09, xdoi="10.1098/rsif.2008.0172", text={Toni et al (2009). Approximate Bayesian computation scheme for parameter inference and model selection in dynamical systems. J. Roy. Soc. Interface 6:187-202.},
author = "Tina Toni and David Welch and Natalja Strelkowa and Andreas Ipsen and Michael P.H. Stumpf",
year = 2009,
title = "Approximate {B}ayesian Computation Scheme for Parameter Inference and Model Selection in Dynamical Systems",
journal = JRSI,
volume = "6",
pages = " 187-202"
)

@article{tracy18,
author = {Tracy, Melissa and Cerdá, Magdalena and Keyes, Katherine M.},
title = {Agent-Based Modeling in Public Health: Current Applications and Future Directions},
journal = {Annual Review of Public Health},
volume = {39},
number = {1},
pages = {77-94},
year = {2018},
xdoi = {10.1146/annurev-publhealth-040617-014317},
note ={PMID: 29328870},
xURL = {https://doi.org/10.1146/annurev-publhealth-040617-014317},
eprint = {https://doi.org/10.1146/annurev-publhealth-040617-014317}
}

@article{trevisin22,
  title={Epidemicity of Cholera Spread and the Fate of Infection Control Measures},
  author={Trevisin, Cristiano and Lemaitre, Joseph C and Mari, Lorenzo and Pasetto, Damiano and Gatto, Marino and Rinaldo, Andrea},
  journal={Journal of the Royal Society Interface},
  volume={19},
  number={188},
  pages={20210844},
  year={2022},
  publisher={The Royal Society}
}

@article{tuite11,
  title={Cholera Epidemic in {H}aiti, 2010: Using a Transmission Model to Explain Spatial Spread of Disease and Identify Optimal Control Interventions},
  author={Tuite, Ashleigh R and Tien, Joseph and Eisenberg, Marisa and Earn, David JD and Ma, Junling and Fisman, David N},
  journal={Annals of internal medicine},
  volume={154},
  number={9},
  pages={593--601},
  year={2011},
  publisher={American College of Physicians}
}

% UUUUUUUUUUUUUUU

@misc{unicef22,
  title={With {UNICEF} support, {H}aiti kickstarts campaign to immunize about 1.7 million people against cholera},
  author = {{UNICEF}},
  year = {2022},
  url = {https://www.unicef.org/lac/en/press-releases/with-unicef-support-haiti-kickstarts-campaign-to-immunize-about-1.7-million-people-against-cholera}
}

% VVVVVVVVVVVVVVV

@book{vandermeer13,
  title={Population ecology: first principles},
  author={Vandermeer, John H and Goldberg, Deborah E},
  year={2013},
  publisher={Princeton University Press}
}

@article{vankekem18,
  title={Travelling Waves and their Bifurcations in the {L}orenz-96 Model},
  author={van Kekem, Dirk L and Sterk, Alef E},
  journal={Physica D: Nonlinear Phenomena},
  volume={367},
  pages={38--60},
  year={2018},
  publisher={Elsevier}
}

@article{varghese21,
  title={SEAMHCRD Deterministic Compartmental Model Based on Clinical Stages of Infection for COVID-19 Pandemic in Sultanate of Oman},
  author={Varghese, Abraham and Kolamban, Shajidmon and Sherimon, Vinu and Lacap, Eduardo M and Ahmed, Saad Salman and Sreedhar, Jagath Prasad and Al Harthi, Hasina and Shuaily, Al and Salim, Huda},
  journal={Scientific Reports},
  volume={11},
  number={1},
  pages={1--19},
  year={2021},
  publisher={Nature Publishing Group}
}

@article{venzon1988,
  title={A method for computing profile-likelihood-based confidence intervals},
  author={Venzon, DJ and Moolgavkar, SH},
  journal={Journal of the Royal Statistical Society: Series C (Applied Statistics)},
  volume={37},
  number={1},
  pages={87--94},
  year={1988},
  publisher={Wiley Online Library}
}

@article{verge13,
  title={On Parallel Implementation of Sequential {M}onte {C}arlo Methods: The Island Particle Model},
  author={Verg{\'e}, Christelle and Dubarry, Cyrille and Del Moral, Pierre and Moulines, Eric},
  journal=SC,
  volume={25},
  number={2},
  pages={243--260},
  year={2013},
  publisher={Springer}
}

% WWWWWWWWWWWWWWW

@article{wale2019,
  title={The Contribution of Host Cell-Directed vs. Parasite-Directed Immunity to the Disease and Dynamics of Malaria Infections},
  author={Wale, Nina and Jones, Matthew J and Sim, Derek G and Read, Andrew F and King, Aaron A},
  journal={Proceedings of the National Academy of Sciences},
  volume={116},
  number={44},
  pages={22386--22392},
  year={2019},
  publisher={National Acad Sciences}
}

@INPROCEEDINGS{wan00,xdoi={10.1109/ASSPCC.2000.882463},title={The Unscented {K}alman Filter for Nonlinear Estimation},
author={Wan, E.A. and van der Merwe, R.},
booktitle={Adaptive Systems for Signal Processing, Communications, and Control, Symposium 2000},
xpublisher={IEEE},
organization={IEEE},
year={2000},
xmonth={},
volume={},
xnumber={},
pages={153--158},
ISSN={}}

@Manual{weigt22,
    title = {itsmr: Time Series Analysis Using the Innovations Algorithm},
    author = {George Weigt},
    year = {2022},
    note = {R package version 1.10},
    url = {https://CRAN.R-project.org/package=itsmr},
  }

@article{weiss24,
  title={Mean-Preserving Rounding Integer-Valued ARMA Models},
  author={Wei{\ss}, Christian H and Zhu, Fukang},
  journal={Journal of Time Series Analysis},
  year={2024},
  publisher={Wiley Online Library},
  volume={46},
  issue={3},
  pages={530--551}
}

@misc{arima2,
  title = {{arima2}: Likelihood Based Inference for {ARIMA} Modeling},
  author = {Wheeler, Jesse and McAllister, Noel and Sylvertooth, Dhajanae},
  year = {2023},
  publisher = {GitHub},
  journal = {GitHub Repository},
  howpublished = {\url{https://github.com/jeswheel/arima2}},
  url = {https://github.com/jeswheel/arima2}
}

@misc{arima2Cran,
  title = {{arima2}: Likelihood Based Inference for {ARIMA} Modeling},
  author = {Wheeler, Jesse and McAllister, Noel and Sylvertooth},
  year = {2023},
  journal = {The Comprehensive R Archive Network},
  doi = {https://doi.org/10.32614/CRAN.package.arima2},
  howpublished = {\url{https://cran.r-project.org/web/packages/arima2/index.html}}
}

@article{wheeler24,
    doi = {10.1371/journal.pcbi.1012032},
    author = {Wheeler, Jesse AND Rosengart, AnnaElaine AND Jiang, Zhuoxun AND Tan, Kevin AND Treutle, Noah AND Ionides, Edward L.},
    journal = {PLOS Computational Biology},
    publisher = {Public Library of Science},
    title = {Informing policy via dynamic models: Cholera in Haiti},
    year = {2024},
    xmonth = {04},
    volume = {20},
    url = {https://doi.org/10.1371/journal.pcbi.1012032},
    pages = {1-31},
    number = {4}
}

@book{whittle51,
  title={Hypothesis Testing in Time Series Analysis},
  author={Whittle, Peter},
  volume={4},
  year={1951},
  publisher={Almqvist \& Wiksells boktr.}
}

@article{wheeler23,
  title={Likelihood Based Inference for ARMA Models},
  author={Wheeler, Jesse and Ionides, Edward L},
  journal={arXiv preprint arXiv:2310.01198},
  year={2023}
}

@ARTICLE{whiteley13,
   author = {Whiteley, N.},
    title = "{Stability Properties of Some Particle Filters}",
  journal=AOAP,
  volume={23},
  xnumber={6},
  pages={2500--2537},
  year={2013},
}

@article{wiens14,
    author = {Wiens, Jenna and Guttag, John and Horvitz, Eric},
    title = {A study in transfer learning: leveraging data from multiple hospitals to enhance hospital-specific predictions},
    journal = {Journal of the American Medical Informatics Association},
    volume = {21},
    number = {4},
    pages = {699-706},
    year = {2014},
    month = {01},
    issn = {1067-5027},
    xdoi = {10.1136/amiajnl-2013-002162},
    xurl = {https://doi.org/10.1136/amiajnl-2013-002162},
    xeprint = {https://academic.oup.com/jamia/article-pdf/21/4/699/5992536/21-4-699.pdf},
}

@book(wilkinson12,
author = "Wilkinson, D. J.",
year = 2012,
title = "Stochastic Modelling for Systems Biology",
publisher = "Chapman \& Hall",
address = "Boca Raton, FL"
)

@Article{wood10,       XDOI={10.1038/nature09319}, xurl={http://dx.doi.org/10.1038/nature09319}, title={Statistical Inference for Noisy Nonlinear Ecological Dynamic Systems}, text={Wood (2010). Statistical Inference for Noisy Nonlinear Ecological Dynamic Systems. Nature 466:1102-1104.},
        Author={Wood, Simon N.},
       journal={Nature},
        Pages={1102--1104},
        Year={2010},
         Volume={466},
        xNumber={7310},
        XURL={http://dx.doi.org/10.1038/nature09319},
}

@article{world2010outbreak,
  title={OUTBREAK NEWS: Choiera, Haiti},
  author={{World Health Organization} and others},
  journal={Weekly Epidemiological Record= Relev{\'e} {\'e}pid{\'e}miologique hebdomadaire},
  volume={85},
  number={44},
  pages={437--439},
  year={2010}
}

% XXXXXXXXXXXXXXX

@article{xavier17, doi={10.1590/0102.311X00186615},
author={Xavier, D.R. and de Avelar Figuereido Mafra Magalhaes, M. and Gracie, R. and dos Reis, I.C. and Pascoal de Matos, V. and Barcellos, C.},
title={Spatio-Temporal Diffusion of Dengue in the Municipality of Rio de Janeiro 2000--2013},
year={2017},
journal={Cadernos de Sa\'{u}de P\'{u}blica},
volume={33},
number={2},
pages={1--13}
}

@Article{xia04,  doi = {10.1086/422341}, author = {Xia, Yingcun  and Bj{\o}rnstad,  Ottar N.  and  Grenfell, Bryan T.},
  title = {Measles Metapopulation Dynamics: A Gravity Model for Epidemiological Coupling and Dynamics},
  journal = AmNat,
  year = {2004},
  volume = {164},
  pages = {267--281},
  number = {2}
}

% YYYYYYYYYYYYYYY

@article{yang14,xdoi={10.1371/journal.pcbi.1003583},
  title={Comparison of Filtering Methods for the Modeling and Retrospective Forecasting of Influenza Epidemics},
  author={Yang, Wan and Karspeck, Alicia and Shaman, Jeffrey},
  journal=PLoS-CompBio,
  volume={10},
  xnumber={4},
  pages={e1003583},
  year={2014},
  publisher={Public Library of Science}
}

@article{you20,
  title={Estimation of the Time-Varying Reproduction Number of {COVID-19} Outbreak in China},
  author={You, Chong and Deng, Yuhao and Hu, Wenjie and Sun, Jiarui and Lin, Qiushi and Zhou, Feng and Pang, Cheng Heng and Zhang, Yuan and Chen, Zhengchao and Zhou, Xiao-Hua},
  journal={International Journal of Hygiene and Environmental Health},
  volume={228},
  pages={113555},
  year={2020},
  publisher={Elsevier}
}

% ZZZZZZZZZZZZZZZ





@misc{the_big_house,
title={\href{https://www.michiganradio.org/post/michigan-athletic-department-embarrasses-while-trying-fill-seats}{Michigan Athletic Department embarrasses while trying to fill seats}},
author={Bacon, John U},
year={2014},
journal={Michigan Radio}
}


% HAITI LIT REVIEW


#1
@article{hulland19rep,
  title={Increase in reported cholera cases in Haiti following hurricane Matthew: an interrupted time series model},
  author={Hulland, Erin and Subaiya, Saleena and Pierre, Katilla and Barthelemy, Nickolson and Pierre, Jean Samuel and Dismer, Amber and Juin, Stanley and Fitter, David and Brunkard, Joan},
  journal={The American journal of tropical medicine and hygiene},
  volume={100},
  number={2},
  pages={368},
  year={2019},
  publisher={The American Society of Tropical Medicine and Hygiene}
}

#2
@article{kirpich17,
  title={Controlling cholera in the Ouest Department of Haiti using oral vaccines},
  author={Kirpich, Alexander and Weppelmann, Thomas A and Yang, Yang and Morris Jr, John Glenn and Longini Jr, Ira M},
  journal={PLOS Neglected Tropical Diseases},
  volume={11},
  number={4},
  pages={e0005482},
  year={2017},
  publisher={Public Library of Science San Francisco, CA USA}
}

#3
@article{ivers17,
  title={Eliminating cholera transmission in Haiti},
  author={Ivers, Louise C},
  journal={New England Journal of Medicine},
  volume={376},
  number={2},
  pages={101--103},
  year={2017},
  publisher={Mass Medical Soc}
}

#5
@article{tuite11-repeated,
  title={Cholera epidemic in Haiti, 2010: using a transmission model to explain spatial spread of disease and identify optimal control interventions},
  author={Tuite, Ashleigh R and Tien, Joseph and Eisenberg, Marisa and Earn, David JD and Ma, Junling and Fisman, David N},
  journal={Annals of internal medicine},
  volume={154},
  number={9},
  pages={593--601},
  year={2011},
  publisher={American College of Physicians}
}

#8
@article{pasetto18,
    doi = {10.1371/journal.pcbi.1006127},
    author = {Pasetto, Damiano AND Finger, Flavio AND Camacho, Anton AND Grandesso, Francesco AND Cohuet, Sandra AND Lemaitre, Joseph C. AND Azman, Andrew S. AND Luquero, Francisco J. AND Bertuzzo, Enrico AND Rinaldo, Andrea},
    journal = {PLOS Computational Biology},
    publisher = {Public Library of Science},
    title = {Near real-time forecasting for cholera decision making in Haiti after Hurricane Matthew},
    year = {2018},
    xmonth = {05},
    volume = {14},
    xurl = {https://doi.org/10.1371/journal.pcbi.1006127},
    pages = {1-22},
    number = {5}
}

#7
@article{moise20,
  title={Impact of patron saint festivities on cholera in three communes in Haiti},
  author={Moise, Kenny and Achille, Aude M{\'e}lody and Batumbo, Doudou and Bourdeau, Bertiny and Rebaudet, Stanislas and Lerebours, G{\'e}rald and Henrys, Jean Hugues and Raccurt, Christian},
  journal={BMC Public Health},
  volume={20},
  pages={1--7},
  year={2020},
  publisher={Springer}
}

#10
@article{mukandavire13,
  title={Cholera in Haiti: reproductive numbers and vaccination coverage estimates},
  author={Mukandavire, Zindoga and Smith, David L and Morris Jr, J Glenn},
  journal={Scientific reports},
  volume={3},
  number={1},
  pages={997},
  year={2013},
  publisher={Nature Publishing Group UK London}
}

#11
@article{walton11,
  title={Cholera in Haiti: fully integrating prevention and care},
  author={Walton, David and Suri, Arjun and Farmer, Paul},
  journal={Annals of internal medicine},
  volume={154},
  number={9},
  pages={635--637},
  year={2011},
  publisher={American College of Physicians}
}

#12
@article{kirpich16,
    doi = {10.1371/journal.pntd.0004153},
    author = {Kirpich, Alexander AND Weppelmann, Thomas A. AND Yang, Yang AND Ali, Afsar AND Morris, Jr., J. Glenn AND Longini, Ira M.},
    journal = {PLOS Neglected Tropical Diseases},
    publisher = {Public Library of Science},
    title = {Cholera Transmission in Ouest Department of Haiti: Dynamic Modeling and the Future of the Epidemic},
    year = {2015},
    xmonth = {10},
    volume = {9},
    url = {https://doi.org/10.1371/journal.pntd.0004153},
    pages = {1-12},
    abstract = {In the current study, a comprehensive, data driven, mathematical model for cholera transmission in Haiti is presented. Along with the inclusion of short cycle human-to-human transmission and long cycle human-to-environment and environment-to-human transmission, this novel dynamic model incorporates both the reported cholera incidence and remote sensing data from the Ouest Department of Haiti between 2010 to 2014. The model has separate compartments for infectious individuals that include different levels of infectivity to reflect the distribution of symptomatic and asymptomatic cases in the population. The environmental compartment, which serves as a source of exposure to toxigenic V. cholerae, is also modeled separately based on the biology of causative bacterium, the shedding of V. cholerae O1 by humans into the environment, as well as the effects of precipitation and water temperature on the concentration and survival of V. cholerae in aquatic reservoirs. Although the number of reported cholera cases has declined compared to the initial outbreak in 2010, the increase in the number of susceptible population members and the presence of toxigenic V. cholerae in the environment estimated by the model indicate that without further improvements to drinking water and sanitation infrastructures, intermittent cholera outbreaks are likely to continue in Haiti.},
    number = {10}
}

#13
@article{botelho21,
  title={A mathematical model for {V}ibrio-phage interactions},
  author={Botelho, Christopher and Kong, Jude Dzevela and Lucien, Mentor Ali and Shuai, Zhisheng and Wang, Hao},
  journal={Mathematical Biosciences and Engineering},
  volume={18},
  number={3},
  year={2021}
}

#14
@article{piarroux11,
  title={Understanding the cholera epidemic, Haiti},
  author={Piarroux, Renaud and Barrais, Robert and Faucher, Beno{\^\i}t and Haus, Rachel and Piarroux, Martine and Gaudart, Jean and Magloire, Roc and Raoult, Didier},
  journal={Emerging infectious diseases},
  volume={17},
  number={7},
  pages={1161},
  year={2011},
  publisher={Centers for Disease Control and Prevention}
}

#16
@article{matias17,
  title={Household and individual risk factors for cholera among cholera vaccine recipients in rural Haiti},
  author={Matias, Wilfredo R and Teng, Jessica E and Hilaire, Isabelle J and Harris, Jason B and Franke, Molly F and Ivers, Louise C},
  journal={The American Journal of Tropical Medicine and Hygiene},
  volume={97},
  number={2},
  pages={436},
  year={2017},
  publisher={The American Society of Tropical Medicine and Hygiene}
}

#17
@article{fitzgibbon20,
  title={Modelling the aqueous transport of an infectious pathogen in regional communities: application to the cholera outbreak in {H}aiti},
  author={Fitzgibbon, William E and Morgan, Jeffrey J and Webb, Glenn F and Wu, Yixiang},
  journal={Journal of the Royal Society Interface},
  volume={17},
  number={169},
  pages={20200429},
  year={2020},
  publisher={The Royal Society}
}

#20
@article{chao11,
  title={Vaccination strategies for epidemic cholera in Haiti with implications for the developing world},
  author={Chao, Dennis L and Halloran, M Elizabeth and Longini Jr, Ira M},
  journal={Proceedings of the National Academy of Sciences},
  volume={108},
  number={17},
  pages={7081--7085},
  year={2011},
  publisher={National Acad Sciences}
}

#22
@article{ivers15,
  title={Effectiveness of reactive oral cholera vaccination in rural Haiti: a case-control study and bias-indicator analysis},
  author={Ivers, Louise C and Hilaire, Isabelle J and Teng, Jessica E and Almazor, Charles P and Jerome, J Gregory and Ternier, Ralph and Boncy, Jacques and Buteau, Josiane and Murray, Megan B and Harris, Jason B and others},
  journal={The Lancet Global Health},
  volume={3},
  number={3},
  pages={e162--e168},
  year={2015},
  publisher={Elsevier}
}

#23
@article{lewnard16,
  title={Strategies to prevent cholera introduction during international personnel deployments: a computational modeling analysis based on the 2010 Haiti outbreak},
  author={Lewnard, Joseph A and Antill{\'o}n, Marina and Gonsalves, Gregg and Miller, Alice M and Ko, Albert I and Pitzer, Virginia E},
  journal={PLoS medicine},
  volume={13},
  number={1},
  pages={e1001947},
  year={2016},
  publisher={Public Library of Science San Francisco, CA USA}
}

#25
@article{fung13,
  title={Modeling the effect of water, sanitation, and hygiene and oral cholera vaccine implementation in Haiti},
  author={Fung, Isaac Chun-Hai and Fitter, David L and Borse, Rebekah H and Meltzer, Martin I and Tappero, Jordan W},
  journal={The American Journal of Tropical Medicine and Hygiene},
  volume={89},
  number={4},
  pages={633},
  year={2013},
  publisher={The American Society of Tropical Medicine and Hygiene}
}

#26
@article{date11,
  title={Considerations for oral cholera vaccine use during outbreak after earthquake in Haiti, 2010- 2011},
  author={Date, Kashmira A and Vicari, Andrea and Hyde, Terri B and Mintz, Eric and Danovaro-Holliday, M Carolina and Henry, Ariel and Tappero, Jordan W and Roels, Thierry H and Abrams, Joseph and Burkholder, Brenton T and others},
  journal={Emerging infectious diseases},
  volume={17},
  number={11},
  pages={2105},
  year={2011},
  publisher={Centers for Disease Control and Prevention}
}

#27
@article{kunkel17,
  title={Antimicrobial resistance risks of cholera prophylaxis for {U}nited {N}ations peacekeepers},
  author={Kunkel, Amber and Lewnard, Joseph A and Pitzer, Virginia E and Cohen, Ted},
  journal={Antimicrobial agents and chemotherapy},
  volume={61},
  number={8},
  pages={10--1128},
  year={2017},
  publisher={Am Soc Microbiol}
}

#28
@article{lin19,
  title={Transmission dynamics of cholera with hyperinfectious and hypoinfectious vibrios: mathematical modelling and control strategies},
  author={Lin, Jiazhe and Xu, Rui and Tian, Xiaohong},
  journal={Mathematical Biosciences and Engineering},
  volume={16},
  number={5},
  pages={4339--4358},
  year={2019},
  publisher={American Institute of Mathematical Sciences (AIMS)}
}

#29
@article{abrams13,
  title={Real-time modelling used for outbreak management during a cholera epidemic, Haiti, 2010–2011},
  volume={141},
  xDOI={10.1017/S0950268812001793},
  number={6},
  journal={Epidemiology and Infection},
  author={Abrams, J. Y. and Copeland, J. R. and Tauxe, R. V. and Date, K. A. and Belay, E. D. and Mody, R. K. and Mintz, E. D.},
  year={2013},
  pages={1276–1285}
}

#30
@article{raila17,
  title={Healthcare waste management during disasters and its effects on climate change: Lessons from 2010 earthquake and cholera tragedies in Haiti},
  author={Raila, Emilia M and Anderson, David O},
  journal={Waste Management \& Research},
  volume={35},
  number={3},
  pages={236--245},
  year={2017},
  publisher={SAGE Publications Sage UK: London, England}
}

#31
@article{collins21,
  title={Mathematical analyses on the effects of control measures for a waterborne disease model with socioeconomic conditions},
  author={Collins, Obiora Cornelius and Duffy, Kevin Jan},
  journal={Journal of Computational Biology},
  volume={28},
  number={1},
  pages={19--32},
  year={2021},
  publisher={Mary Ann Liebert, Inc., publishers 140 Huguenot Street, 3rd Floor New~…}
}

#33
@article{cuneo17,
  title={Treating childhood malnutrition in rural Haiti: Program outcomes and obstacles},
  author={Cuneo, C Nicholas and Dansereau, Emily and Habib, Anand R and Davies, Mary and Ware, Samuel and Kornetsky, Kenneth},
  journal={Annals of global health},
  volume={83},
  number={2},
  pages={300--310},
  year={2017},
  publisher={Elsevier}
}

#35
@article{akman15,
  title={An evolutionary computing approach for parameter estimation investigation of a model for cholera},
  author={Akman, Olcay and Schaefer, Elsa},
  journal={Journal of biological dynamics},
  volume={9},
  number={1},
  pages={147--158},
  year={2015},
  publisher={Taylor \& Francis}
}

#38
@article{mukandavire15,
  title={Modeling the epidemiology of cholera to prevent disease transmission in developing countries},
  author={Mukandavire, Zindoga and Morris Jr, J Glenn},
  journal={Microbiology spectrum},
  volume={3},
  number={3},
  pages={10--1128},
  year={2015},
  publisher={Am Soc Microbiol}
}

#39
@article{charles14,
  title={Importance of cholera and other etiologies of acute diarrhea in post-earthquake Port-au-Prince, Haiti},
  author={Charles, Macarthur and Delva, Glavdia G and Boutin, Jethro and Severe, Karine and Peck, Mireille and Mabou, Marie Marcelle and Wright, Peter F and Pape, Jean W},
  journal={The American journal of tropical medicine and hygiene},
  volume={90},
  number={3},
  pages={511},
  year={2014},
  publisher={The American Society of Tropical Medicine and Hygiene}
}

#42
@article{richterman19,
  title={Food insecurity and self-reported cholera in Haitian households: An analysis of the 2012 Demographic and Health Survey},
  author={Richterman, Aaron and Franke, Molly F and Constant, Georgery and Jerome, Gregory and Ternier, Ralph and Ivers, Louise C},
  journal={PLoS neglected tropical diseases},
  volume={13},
  number={1},
  pages={e0007134},
  year={2019},
  publisher={Public Library of Science}
}

#43
@article{richterman19inverse,
  title={The inverse relationship between national food security and annual cholera incidence: a 30-country analysis},
  author={Richterman, Aaron and Azman, Andrew S and Constant, Georgery and Ivers, Louise C},
  journal={BMJ Global Health},
  volume={4},
  number={5},
  year={2019},
  publisher={BMJ Publishing Group}
}

#46
@article{mavian20,
  title={Toxigenic {V}ibrio cholerae evolution and establishment of reservoirs in aquatic ecosystems},
  author={Mavian, Carla and Paisie, Taylor K and Alam, Meer T and Browne, Cameron and Beau De Rochars, Valery Madsen and Nembrini, Stefano and Cash, Melanie N and Nelson, Eric J and Azarian, Taj and Ali, Afsar and others},
  journal={Proceedings of the National Academy of Sciences},
  volume={117},
  number={14},
  pages={7897--7904},
  year={2020},
  publisher={National Acad Sciences}
}

#47
@article{sallah17-repeated,
  title={Mathematical models for predicting human mobility in the context of infectious disease spread: introducing the impedance model},
  author={Sallah, Kanko{\'e} and Giorgi, Roch and Bengtsson, Linus and Lu, Xin and Wetter, Erik and Adrien, Paul and Rebaudet, Stanislas and Piarroux, Renaud and Gaudart, Jean},
  journal={International journal of health geographics},
  volume={16},
  number={1},
  pages={1--11},
  year={2017},
  publisher={BioMed Central}
}

#50
@article{kelly16,
  title={The impact of spatial arrangements on epidemic disease dynamics and intervention strategies},
  author={Kelly Jr, Michael R and Tien, Joseph H and Eisenberg, Marisa C and Lenhart, Suzanne},
  journal={Journal of biological dynamics},
  volume={10},
  number={1},
  pages={222--249},
  year={2016},
  publisher={Taylor \& Francis}
}

#52
@article{azman12,
  title={Urban cholera transmission hotspots and their implications for reactive vaccination: evidence from {B}issau city, {G}uinea bissau},
  author={Azman, Andrew S and Luquero, Francisco J and Rodrigues, Amabelia and Palma, Pedro Pablo and Grais, Rebecca F and Banga, Cunhate Na and Grenfell, Bryan T and Lessler, Justin},
  journal={PLoS neglected tropical diseases},
  volume={6},
  number={11},
  pages={e1901},
  year={2012},
  publisher={Public Library of Science San Francisco, USA}
}

#54
@article{capone15,
  title={Influence of diffusion on the stability of equilibria in a reaction--diffusion system modeling cholera dynamic},
  author={Capone, Florinda and De Cataldis, Valentina and De Luca, Roberta},
  journal={Journal of mathematical biology},
  volume={71},
  pages={1107--1131},
  year={2015},
  publisher={Springer}
}

#55
@article{bengtsson15,
  title={Using mobile phone data to predict the spatial spread of cholera},
  author={Bengtsson, Linus and Gaudart, Jean and Lu, Xin and Moore, Sandra and Wetter, Erik and Sallah, Kankoe and Rebaudet, Stanislas and Piarroux, Renaud},
  journal={Scientific reports},
  volume={5},
  number={1},
  pages={8923},
  year={2015},
  publisher={Nature Publishing Group UK London}
}

#56
@article{leung22,
  title={Optimizing one-dose and two-dose cholera vaccine allocation in outbreak settings: A modeling study},
  author={Leung, Tiffany and Eaton, Julia and Matrajt, Laura},
  journal={PLOS Neglected Tropical Diseases},
  volume={16},
  number={4},
  pages={e0010358},
  year={2022},
  publisher={Public Library of Science San Francisco, CA USA}
}

#57
@article{kuhn14,
  title={Glucose-but not rice-based oral rehydration therapy enhances the production of virulence determinants in the human pathogen {V}ibrio cholerae},
  author={K{\"u}hn, Juliane and Finger, Flavio and Bertuzzo, Enrico and Borgeaud, Sandrine and Gatto, Marino and Rinaldo, Andrea and Blokesch, Melanie},
  journal={PLoS neglected tropical diseases},
  volume={8},
  number={12},
  pages={e3347},
  year={2014},
  publisher={Public Library of Science San Francisco, USA}
}

#60
@article{mari15,
  title={On the predictive ability of mechanistic models for the {H}aitian cholera epidemic},
  author={Mari, Lorenzo and Bertuzzo, Enrico and Finger, Flavio and Casagrandi, Renato and Gatto, Marino and Rinaldo, Andrea},
  journal={Journal of the Royal Society Interface},
  volume={12},
  number={104},
  pages={20140840},
  year={2015},
  publisher={The Royal Society}
}

#61
@article{gatto12,
  title={Generalized reproduction numbers and the prediction of patterns in waterborne disease},
  author={Gatto, Marino and Mari, Lorenzo and Bertuzzo, Enrico and Casagrandi, Renato and Righetto, Lorenzo and Rodriguez-Iturbe, Ignacio and Rinaldo, Andrea},
  journal={Proceedings of the National Academy of Sciences},
  volume={109},
  number={48},
  pages={19703--19708},
  year={2012},
  publisher={National Acad Sciences}
}

#64
@article{azman15,
  title={The impact of a one-dose versus two-dose oral cholera vaccine regimen in outbreak settings: A modeling study},
  author={Azman, Andrew S and Luquero, Francisco J and Ciglenecki, Iza and Grais, Rebecca F and Sack, David A and Lessler, Justin},
  journal={PLoS Medicine},
  volume={12},
  number={8},
  pages={e1001867},
  year={2015},
  publisher={Public Library of Science San Francisco, CA USA}
}

#65
@article{li16adjusting,
  title={Adjusting for unmeasured confounding due to either of two crossed factors with a logistic regression model},
  author={Li, Li and Brumback, Babette A and Weppelmann, Thomas A and Morris Jr, J Glenn and Ali, Afsar},
  journal={Statistics in Medicine},
  volume={35},
  number={18},
  pages={3179--3188},
  year={2016},
  publisher={Wiley Online Library}
}
